<?xml version="1.0" encoding="UTF-8"?>
<marcxml:collection xmlns:marcxml="http://www.loc.gov/MARC21/slim"><record xmlns="http://www.loc.gov/MARC21/slim" xmlns:xsi="http://www.w3.org/2001/XMLSchema-instance" xsi:schemaLocation="http://www.loc.gov/MARC21/slim http://www.loc.gov/standards/marcxml/schema/MARC21slim.xsd">
    <leader>01991nas a2200493 c 4500</leader>
    <controlfield tag="001">010028277</controlfield>
    <controlfield tag="003">DE-101</controlfield>
    <controlfield tag="005">20110713212405.0</controlfield>
    <controlfield tag="007">tu</controlfield>
    <controlfield tag="008">991118c19549999gw z||m|r ||| 0||||0ger c</controlfield>
    <datafield ind1=" " ind2=" " tag="015">
      <subfield code="a">07,A16,0463</subfield>
      <subfield code="2">dnb</subfield>
    </datafield>
    <datafield ind1="7" ind2=" " tag="016">
      <subfield code="2">DE-101</subfield>
      <subfield code="a">010028277</subfield>
    </datafield>
    <datafield ind1="7" ind2=" " tag="016">
      <subfield code="2">DE-600</subfield>
      <subfield code="a">2072-2</subfield>
    </datafield>
    <datafield ind1=" " ind2=" " tag="022">
      <subfield code="a">0067-5903</subfield>
    </datafield>
    <datafield ind1=" " ind2=" " tag="035">
      <subfield code="a">(DE-599)ZDB2072-2</subfield>
    </datafield>
    <datafield ind1=" " ind2=" " tag="035">
      <subfield code="a">(OCoLC)263589018</subfield>
    </datafield>
    <datafield ind1=" " ind2=" " tag="040">
      <subfield code="a">9001</subfield>
      <subfield code="b">ger</subfield>
      <subfield code="c">DE-101</subfield>
      <subfield code="d">9999</subfield>
    </datafield>
    <datafield ind1=" " ind2=" " tag="041">
      <subfield code="a">ger</subfield>
    </datafield>
    <datafield ind1=" " ind2=" " tag="044">
      <subfield code="c">XA-DE</subfield>
    </datafield>
    <datafield ind1="0" ind2="4" tag="082">
      <subfield code="8">1\x</subfield>
      <subfield code="a">947.0005</subfield>
      <subfield code="q">DE-101</subfield>
      <subfield code="2">22/ger</subfield>
    </datafield>
    <datafield ind1=" " ind2=" " tag="084">
      <subfield code="a">940</subfield>
      <subfield code="q">DE-101</subfield>
      <subfield code="2">sdnb</subfield>
    </datafield>
    <datafield ind1=" " ind2=" " tag="084">
      <subfield code="a">910</subfield>
      <subfield code="a">940</subfield>
      <subfield code="q">DE-600</subfield>
      <subfield code="2">sdnb</subfield>
    </datafield>
    <datafield ind1=" " ind2=" " tag="085">
      <subfield code="8">1\x</subfield>
      <subfield code="b">947</subfield>
    </datafield>
    <datafield ind1=" " ind2=" " tag="085">
      <subfield code="8">1\x</subfield>
      <subfield code="z">1</subfield>
      <subfield code="s">05</subfield>
    </datafield>
    <datafield ind1="1" ind2="0" tag="245">
      <subfield code="a">Forschungen zur osteuropa ischen Geschichte</subfield>
      <subfield code="c">hrsg. vom Osteuropa-Institut der Freien Universita t Berlin</subfield>
    </datafield>
    <datafield ind1="1" ind2="3" tag="246">
      <subfield code="a">Historische Vero ffentlichungen / Forschungen zur osteuropa ischen Geschichte</subfield>
    </datafield>
    <datafield ind1="1" ind2="3" tag="246">
      <subfield code="i">Nebent.</subfield>
      <subfield code="a">FOG</subfield>
    </datafield>
    <datafield ind1="3" ind2=" " tag="260">
      <subfield code="a">Wiesbaden</subfield>
      <subfield code="b">Harrassowitz</subfield>
    </datafield>
    <datafield ind1="0" ind2=" " tag="362">
      <subfield code="a">1.1954 -</subfield>
    </datafield>
    <datafield ind1="0" ind2=" " tag="490">
      <subfield code="3">Anfangs</subfield>
      <subfield code="a">Historische Vero ffentlichungen / Osteuropa-Institut an d. Freien Universita t Berlin</subfield>
    </datafield>
    <datafield ind1="8" ind2=" " tag="555">
      <subfield code="a">Index 1/10.1954/65 in: 10.1965; 1/20.1954/73 in: 20.1973; 1/30.1954/82 in: 30.1982; 1/40.1954/88 in: 40.1988; 1/50.1954/95 in: 50.1995</subfield>
    </datafield>
    <datafield ind1=" " ind2=" " tag="591">
      <subfield code="a">700!se-A nderung(06-06-05)</subfield>
    </datafield>
    <datafield ind1=" " ind2="7" tag="648">
      <subfield code="a">Geschichte</subfield>
      <subfield code="2">gnd</subfield>
    </datafield>
    <datafield ind1=" " ind2="7" tag="651">
      <subfield code="0">(DE-588)4075739-0</subfield>
      <subfield code="0">(DE-101)040757390</subfield>
      <subfield code="a">Osteuropa</subfield>
      <subfield code="2">gnd</subfield>
    </datafield>
    <datafield ind1=" " ind2="7" tag="655">
      <subfield code="a">Zeitschrift</subfield>
      <subfield code="2">gnd</subfield>
    </datafield>
    <datafield ind1="0" ind2="0" tag="689">
      <subfield code="0">(DE-588)4075739-0</subfield>
      <subfield code="0">(DE-101)040757390</subfield>
      <subfield code="D">g</subfield>
      <subfield code="a">Osteuropa</subfield>
    </datafield>
    <datafield ind1="0" ind2="1" tag="689">
      <subfield code="A">z</subfield>
      <subfield code="a">Geschichte</subfield>
    </datafield>
    <datafield ind1="0" ind2="2" tag="689">
      <subfield code="A">f</subfield>
      <subfield code="a">Zeitschrift</subfield>
    </datafield>
    <datafield ind1="0" ind2=" " tag="689">
      <subfield code="5">DE-101</subfield>
      <subfield code="5">DE-101</subfield>
    </datafield>
    <datafield ind1="2" ind2=" " tag="710">
      <subfield code="0">(DE-588)2020952-6</subfield>
      <subfield code="0">(DE-101)004788508</subfield>
      <subfield code="a">Osteuropa-Institut</subfield>
      <subfield code="g">Berlin, West</subfield>
    </datafield>
    <datafield ind1="2" ind2=" " tag="710">
      <subfield code="0">(DE-588)2114190-3</subfield>
      <subfield code="0">(DE-101)007617577</subfield>
      <subfield code="a">Osteuropa-Institut</subfield>
      <subfield code="g">Berlin</subfield>
    </datafield>
    <datafield ind1="0" ind2="8" tag="787">
      <subfield code="i">15=1; 18=2; 24=3; 27=4; 38=5; 46=6; 50=7; 56=8; 63=9; 76=10 von</subfield>
      <subfield code="a">Internationale Konferenz u ber Altrussische Geschichte</subfield>
      <subfield code="t">Beitra ge zur Internationalen Konferenz u ber Altrussische Geschichte</subfield>
      <subfield code="w">(DE-600)1109379-1</subfield>
      <subfield code="w">(DE-101)016391578</subfield>
    </datafield>
    <datafield ind1=" " ind2=" " tag="889">
      <subfield code="w">(DE-101)981566367</subfield>
    </datafield>
    <datafield ind1="r" ind2=" " tag="925">
      <subfield code="a">ra</subfield>
    </datafield>
  </record>