<record xmlns="http://www.loc.gov/MARC21/slim" xmlns:xsi="http://www.w3.org/2001/XMLSchema-instance" xsi:schemaLocation="http://www.loc.gov/MARC21/slim http://www.loc.gov/standards/marcxml/schema/MARC21slim.xsd">
    <leader>01536nas a2200409 c 4500</leader>
    <controlfield tag="001">010446478</controlfield>
    <controlfield tag="003">DE-101</controlfield>
    <controlfield tag="005">20100309021343.0</controlfield>
    <controlfield tag="007">tu</controlfield>
    <controlfield tag="008">991118c19859999gw u||m|r ||| 0||||0ger c</controlfield>
    <datafield ind1=" " ind2=" " tag="015">
      <subfield code="a">07,A39,1609</subfield>
      <subfield code="2">dnb</subfield>
    </datafield>
    <datafield ind1="7" ind2=" " tag="016">
      <subfield code="2">DE-101</subfield>
      <subfield code="a">010446478</subfield>
    </datafield>
    <datafield ind1="7" ind2=" " tag="016">
      <subfield code="2">DE-600</subfield>
      <subfield code="a">50923-1</subfield>
    </datafield>
    <datafield ind1=" " ind2=" " tag="022">
      <subfield code="a">0178-9406</subfield>
    </datafield>
    <datafield ind1=" " ind2=" " tag="022">
      <subfield code="a">0932-612X</subfield>
    </datafield>
    <datafield ind1=" " ind2=" " tag="035">
      <subfield code="a">(DE-599)ZDB50923-1</subfield>
    </datafield>
    <datafield ind1=" " ind2=" " tag="035">
      <subfield code="a">(OCoLC)720696551</subfield>
    </datafield>
    <datafield ind1=" " ind2=" " tag="040">
      <subfield code="a">9001</subfield>
      <subfield code="b">ger</subfield>
      <subfield code="c">DE-101</subfield>
      <subfield code="d">9999</subfield>
    </datafield>
    <datafield ind1=" " ind2=" " tag="041">
      <subfield code="a">ger</subfield>
    </datafield>
    <datafield ind1=" " ind2=" " tag="044">
      <subfield code="c">XA-DE</subfield>
    </datafield>
    <datafield ind1=" " ind2=" " tag="084">
      <subfield code="a">670</subfield>
      <subfield code="q">DE-101</subfield>
      <subfield code="2">sdnb</subfield>
    </datafield>
    <datafield ind1=" " ind2=" " tag="084">
      <subfield code="a">670</subfield>
      <subfield code="q">DE-600</subfield>
      <subfield code="2">sdnb</subfield>
    </datafield>
    <datafield ind1="2" ind2=" " tag="110">
      <subfield code="0">(DE-588)1012118-3</subfield>
      <subfield code="0">(DE-101)00406769X</subfield>
      <subfield code="a">Verein Deutscher Ingenieure</subfield>
      <subfield code="4">aut</subfield>
    </datafield>
    <datafield ind1="1" ind2="0" tag="245">
      <subfield code="a">Fortschrittberichte VDI</subfield>
      <subfield code="n">Reihe 2, Fertigungstechnik</subfield>
    </datafield>
    <datafield ind1="1" ind2="9" tag="246">
      <subfield code="a">Fortschrittberichte VDI / 2</subfield>
    </datafield>
    <datafield ind1="1" ind2="0" tag="247">
      <subfield code="a">Betriebstechnik</subfield>
      <subfield code="f">Sachl. Benennung anfangs</subfield>
    </datafield>
    <datafield ind1="3" ind2=" " tag="260">
      <subfield code="a">Du sseldorf</subfield>
      <subfield code="b">VDI-Verl.</subfield>
    </datafield>
    <datafield ind1="0" ind2=" " tag="362">
      <subfield code="a">85.1985 -</subfield>
    </datafield>
    <datafield ind1=" " ind2="7" tag="650">
      <subfield code="0">(DE-588)4329079-6</subfield>
      <subfield code="0">(DE-101)940029286</subfield>
      <subfield code="a">Fertigungstechnik</subfield>
      <subfield code="2">gnd</subfield>
    </datafield>
    <datafield ind1=" " ind2="7" tag="650">
      <subfield code="0">(DE-588)4179998-7</subfield>
      <subfield code="0">(DE-101)041799984</subfield>
      <subfield code="a">Schriftenreihe</subfield>
      <subfield code="2">gnd</subfield>
    </datafield>
    <datafield ind1="0" ind2="0" tag="689">
      <subfield code="0">(DE-588)4329079-6</subfield>
      <subfield code="0">(DE-101)940029286</subfield>
      <subfield code="D">s</subfield>
      <subfield code="a">Fertigungstechnik</subfield>
    </datafield>
    <datafield ind1="0" ind2="1" tag="689">
      <subfield code="0">(DE-588)4179998-7</subfield>
      <subfield code="0">(DE-101)041799984</subfield>
      <subfield code="D">s</subfield>
      <subfield code="a">Schriftenreihe</subfield>
    </datafield>
    <datafield ind1="0" ind2=" " tag="689">
      <subfield code="5">DE-600</subfield>
      <subfield code="5">DE-600</subfield>
    </datafield>
    <datafield ind1="0" ind2="0" tag="780">
      <subfield code="i">Vorg.:</subfield>
      <subfield code="a">Verein Deutscher Ingenieure</subfield>
      <subfield code="t">Fortschrittberichte der VDI-Zeitschriften / 2</subfield>
      <subfield code="w">(DE-600)507417-4</subfield>
      <subfield code="w">(DE-101)012668338</subfield>
    </datafield>
    <datafield ind1="0" ind2="8" tag="787">
      <subfield code="i">208=2 von</subfield>
      <subfield code="a">Aachener Schwei©technik-Kolloquium</subfield>
      <subfield code="t">Aachener Schwei©technik-Kolloquium</subfield>
      <subfield code="w">(DE-600)1072535-0</subfield>
      <subfield code="w">(DE-101)016036646</subfield>
    </datafield>
    <datafield ind1=" " ind2=" " tag="889">
      <subfield code="w">(DE-101)551031190</subfield>
    </datafield>
    <datafield ind1=" " ind2=" " tag="930">
      <subfield code="r">Reihe 2, Fertigungstechnik</subfield>
    </datafield>
  </record>