<record xmlns="http://www.loc.gov/MARC21/slim" xmlns:xsi="http://www.w3.org/2001/XMLSchema-instance" xsi:schemaLocation="http://www.loc.gov/MARC21/slim http://www.loc.gov/standards/marcxml/schema/MARC21slim.xsd">
    <leader>02264nas a2200517 c 4500</leader>
    <controlfield tag="001">01044677X</controlfield>
    <controlfield tag="003">DE-101</controlfield>
    <controlfield tag="005">20110519115342.0</controlfield>
    <controlfield tag="007">tu</controlfield>
    <controlfield tag="008">991118c19859999|||z||m|r ||| 0||||0||| c</controlfield>
    <datafield ind1=" " ind2=" " tag="015">
      <subfield code="a">07,A40,1315</subfield>
      <subfield code="2">dnb</subfield>
    </datafield>
    <datafield ind1="7" ind2=" " tag="016">
      <subfield code="2">DE-101</subfield>
      <subfield code="a">01044677X</subfield>
    </datafield>
    <datafield ind1="7" ind2=" " tag="016">
      <subfield code="2">DE-600</subfield>
      <subfield code="a">50957-7</subfield>
    </datafield>
    <datafield ind1=" " ind2=" " tag="022">
      <subfield code="a">0933-0992</subfield>
    </datafield>
    <datafield ind1=" " ind2=" " tag="022">
      <subfield code="a">0178-9449</subfield>
    </datafield>
    <datafield ind1=" " ind2=" " tag="035">
      <subfield code="a">(DE-599)ZDB50957-7</subfield>
    </datafield>
    <datafield ind1=" " ind2=" " tag="035">
      <subfield code="a">(OCoLC)714646043</subfield>
    </datafield>
    <datafield ind1=" " ind2=" " tag="040">
      <subfield code="a">9001</subfield>
      <subfield code="b">ger</subfield>
      <subfield code="c">DE-101</subfield>
      <subfield code="d">9999</subfield>
    </datafield>
    <datafield ind1=" " ind2=" " tag="084">
      <subfield code="a">620</subfield>
      <subfield code="q">DE-101</subfield>
      <subfield code="2">sdnb</subfield>
    </datafield>
    <datafield ind1=" " ind2=" " tag="084">
      <subfield code="a">380</subfield>
      <subfield code="q">DE-600</subfield>
      <subfield code="2">sdnb</subfield>
    </datafield>
    <datafield ind1="2" ind2=" " tag="110">
      <subfield code="0">(DE-588)1012118-3</subfield>
      <subfield code="0">(DE-101)00406769X</subfield>
      <subfield code="a">Verein Deutscher Ingenieure</subfield>
      <subfield code="4">aut</subfield>
    </datafield>
    <datafield ind1="1" ind2="0" tag="245">
      <subfield code="a">Fortschrittberichte VDI</subfield>
      <subfield code="n">Reihe 12</subfield>
      <subfield code="p">Verkehrstechnik, Fahrzeugtechnik</subfield>
    </datafield>
    <datafield ind1="1" ind2="9" tag="246">
      <subfield code="a">Fortschrittberichte VDI / 12</subfield>
    </datafield>
    <datafield ind1="1" ind2="0" tag="247">
      <subfield code="a">Verkehrstechnik</subfield>
      <subfield code="f">Sachl. Benennung anfangs</subfield>
    </datafield>
    <datafield ind1="3" ind2=" " tag="260">
      <subfield code="a">Du sseldorf</subfield>
      <subfield code="b">VDI-Verl.</subfield>
    </datafield>
    <datafield ind1="0" ind2=" " tag="362">
      <subfield code="a">55.1985 -</subfield>
    </datafield>
    <datafield ind1="0" ind2="1" tag="363">
      <subfield code="8">1.1\x</subfield>
      <subfield code="a">55</subfield>
      <subfield code="i">1985</subfield>
    </datafield>
    <datafield ind1=" " ind2=" " tag="500">
      <subfield code="a">Ersch. teils auch als CD-ROM-Ausg.</subfield>
    </datafield>
    <datafield ind1=" " ind2=" " tag="515">
      <subfield code="a">Ersch. unregelma ©ig</subfield>
    </datafield>
    <datafield ind1=" " ind2="7" tag="650">
      <subfield code="0">(DE-588)4016321-0</subfield>
      <subfield code="0">(DE-101)040163210</subfield>
      <subfield code="a">Fahrzeugbau</subfield>
      <subfield code="2">gnd</subfield>
    </datafield>
    <datafield ind1=" " ind2="7" tag="650">
      <subfield code="0">(DE-588)4179998-7</subfield>
      <subfield code="0">(DE-101)041799984</subfield>
      <subfield code="a">Schriftenreihe</subfield>
      <subfield code="2">gnd</subfield>
    </datafield>
    <datafield ind1=" " ind2="7" tag="650">
      <subfield code="0">(DE-588)4187837-1</subfield>
      <subfield code="0">(DE-101)04187837X</subfield>
      <subfield code="a">Verkehrstechnik</subfield>
      <subfield code="2">gnd</subfield>
    </datafield>
    <datafield ind1=" " ind2="7" tag="650">
      <subfield code="0">(DE-588)4179998-7</subfield>
      <subfield code="0">(DE-101)041799984</subfield>
      <subfield code="a">Schriftenreihe</subfield>
      <subfield code="2">gnd</subfield>
    </datafield>
    <datafield ind1="0" ind2="0" tag="689">
      <subfield code="0">(DE-588)4016321-0</subfield>
      <subfield code="0">(DE-101)040163210</subfield>
      <subfield code="D">s</subfield>
      <subfield code="a">Fahrzeugbau</subfield>
    </datafield>
    <datafield ind1="0" ind2="1" tag="689">
      <subfield code="0">(DE-588)4179998-7</subfield>
      <subfield code="0">(DE-101)041799984</subfield>
      <subfield code="D">s</subfield>
      <subfield code="a">Schriftenreihe</subfield>
    </datafield>
    <datafield ind1="0" ind2=" " tag="689">
      <subfield code="5">DE-600</subfield>
      <subfield code="5">DE-600</subfield>
    </datafield>
    <datafield ind1="1" ind2="0" tag="689">
      <subfield code="0">(DE-588)4187837-1</subfield>
      <subfield code="0">(DE-101)04187837X</subfield>
      <subfield code="D">s</subfield>
      <subfield code="a">Verkehrstechnik</subfield>
    </datafield>
    <datafield ind1="1" ind2="1" tag="689">
      <subfield code="0">(DE-588)4179998-7</subfield>
      <subfield code="0">(DE-101)041799984</subfield>
      <subfield code="D">s</subfield>
      <subfield code="a">Schriftenreihe</subfield>
    </datafield>
    <datafield ind1="1" ind2=" " tag="689">
      <subfield code="5">DE-600</subfield>
      <subfield code="5">DE-600</subfield>
    </datafield>
    <datafield ind1="0" ind2="0" tag="780">
      <subfield code="i">Vorg.:</subfield>
      <subfield code="a">Verein Deutscher Ingenieure</subfield>
      <subfield code="t">Fortschrittberichte der VDI-Zeitschriften / 12</subfield>
      <subfield code="w">(DE-600)189521-7</subfield>
      <subfield code="w">(DE-101)011046066</subfield>
    </datafield>
    <datafield ind1="0" ind2="8" tag="787">
      <subfield code="i">74=7; 86=8 von</subfield>
      <subfield code="a">Internationales Wiener Motoren-Symposium</subfield>
      <subfield code="t">Internationales Wiener Motoren-Symposium</subfield>
      <subfield code="w">(DE-600)1031381-3</subfield>
      <subfield code="w">(DE-101)015638049</subfield>
    </datafield>
    <datafield ind1="0" ind2="8" tag="787">
      <subfield code="i">97=1986; 140=1989; 172=1991 von</subfield>
      <subfield code="t">Dieselmotorentechnik</subfield>
      <subfield code="w">(DE-600)46712-1</subfield>
      <subfield code="w">(DE-101)010411046</subfield>
    </datafield>
    <datafield ind1="0" ind2="8" tag="787">
      <subfield code="i">123=29; 227=51 von</subfield>
      <subfield code="a">Hochschuldidaktisches Zentrum &lt;Aachen&gt;</subfield>
      <subfield code="t">Arbeitsbericht aus dem HDZ KDI der RWTH Aachen</subfield>
      <subfield code="w">(DE-600)1027284-7</subfield>
      <subfield code="w">(DE-101)015598446</subfield>
    </datafield>
    <datafield ind1=" " ind2=" " tag="889">
      <subfield code="w">(DE-101)551030895</subfield>
    </datafield>
    <datafield ind1="r" ind2=" " tag="925">
      <subfield code="a">ra</subfield>
    </datafield>
    <datafield ind1=" " ind2=" " tag="930">
      <subfield code="l">Reihe 12</subfield>
      <subfield code="a">Verkehrstechnik, Fahrzeugtechnik</subfield>
    </datafield>
  </record>