<record xmlns="http://www.loc.gov/MARC21/slim" xmlns:xsi="http://www.w3.org/2001/XMLSchema-instance" xsi:schemaLocation="http://www.loc.gov/MARC21/slim http://www.loc.gov/standards/marcxml/schema/MARC21slim.xsd">
    <leader>02668nas a2200565 c 4500</leader>
    <controlfield tag="001">010986502</controlfield>
    <controlfield tag="003">DE-101</controlfield>
    <controlfield tag="005">20120403082600.0</controlfield>
    <controlfield tag="007">tu</controlfield>
    <controlfield tag="008">991118c19789999gw z||p|r ||| 0||||0ger c</controlfield>
    <datafield ind1=" " ind2=" " tag="015">
      <subfield code="a">89,B18,0567</subfield>
      <subfield code="2">dnb</subfield>
    </datafield>
    <datafield ind1="7" ind2=" " tag="016">
      <subfield code="2">DE-101</subfield>
      <subfield code="a">010986502</subfield>
    </datafield>
    <datafield ind1="7" ind2=" " tag="016">
      <subfield code="2">DE-600</subfield>
      <subfield code="a">165624-7</subfield>
    </datafield>
    <datafield ind1=" " ind2=" " tag="022">
      <subfield code="a">0340-0077</subfield>
    </datafield>
    <datafield ind1="a" ind2="a" tag="029">
      <subfield code="a">0340-0077</subfield>
    </datafield>
    <datafield ind1=" " ind2=" " tag="035">
      <subfield code="a">(DE-599)ZDB165624-7</subfield>
    </datafield>
    <datafield ind1=" " ind2=" " tag="035">
      <subfield code="a">(OCoLC)643233044</subfield>
    </datafield>
    <datafield ind1=" " ind2=" " tag="040">
      <subfield code="a">9001</subfield>
      <subfield code="b">ger</subfield>
      <subfield code="c">DE-101</subfield>
      <subfield code="d">1241</subfield>
    </datafield>
    <datafield ind1=" " ind2=" " tag="041">
      <subfield code="a">ger</subfield>
    </datafield>
    <datafield ind1=" " ind2=" " tag="044">
      <subfield code="c">XA-DE</subfield>
    </datafield>
    <datafield ind1="0" ind2="4" tag="082">
      <subfield code="8">1\x</subfield>
      <subfield code="a">627.05</subfield>
      <subfield code="q">DE-101</subfield>
      <subfield code="2">22/ger</subfield>
    </datafield>
    <datafield ind1=" " ind2=" " tag="084">
      <subfield code="a">624</subfield>
      <subfield code="q">DE-101</subfield>
      <subfield code="2">sdnb</subfield>
    </datafield>
    <datafield ind1=" " ind2=" " tag="084">
      <subfield code="a">690</subfield>
      <subfield code="q">DE-600</subfield>
      <subfield code="2">sdnb</subfield>
    </datafield>
    <datafield ind1=" " ind2=" " tag="085">
      <subfield code="8">1\x</subfield>
      <subfield code="b">627</subfield>
    </datafield>
    <datafield ind1=" " ind2=" " tag="085">
      <subfield code="8">1\x</subfield>
      <subfield code="z">1</subfield>
      <subfield code="s">05</subfield>
    </datafield>
    <datafield ind1="2" ind2=" " tag="110">
      <subfield code="0">(DE-588)90952-X</subfield>
      <subfield code="0">(DE-101)000909521</subfield>
      <subfield code="a">Franzius-Institut fu r Wasserbau und Ku steningenieurwesen</subfield>
      <subfield code="g">Hannover</subfield>
      <subfield code="4">aut</subfield>
    </datafield>
    <datafield ind1="1" ind2="0" tag="245">
      <subfield code="a">Mitteilungen / Franzius-Institut fu r Wasserbau und Ku steningenieurwesen</subfield>
    </datafield>
    <datafield ind1="1" ind2="0" tag="247">
      <subfield code="a">Mitteilungen des Franzius-Instituts fu r Wasserbau und Ku steningenieurwesen</subfield>
      <subfield code="f">Hauptsacht. bis 70.1990</subfield>
    </datafield>
    <datafield ind1="3" ind2=" " tag="260">
      <subfield code="a">Hannover</subfield>
      <subfield code="b">Franzius-Inst. fu r Wasserbau und Ku steningenieurwesen</subfield>
    </datafield>
    <datafield ind1=" " ind2=" " tag="300">
      <subfield code="c">21 cm</subfield>
    </datafield>
    <datafield ind1="0" ind2=" " tag="362">
      <subfield code="a">H. 48.1978 -</subfield>
    </datafield>
    <datafield ind1="0" ind2="1" tag="363">
      <subfield code="8">1.1\x</subfield>
      <subfield code="a">48</subfield>
      <subfield code="i">1978</subfield>
    </datafield>
    <datafield ind1=" " ind2=" " tag="515">
      <subfield code="a">Ersch. unregelma ©ig</subfield>
    </datafield>
    <datafield ind1="8" ind2=" " tag="555">
      <subfield code="a">Index 1/50.1952/80 in: 50.1980</subfield>
    </datafield>
    <datafield ind1=" " ind2="7" tag="650">
      <subfield code="0">(DE-588)4033481-8</subfield>
      <subfield code="0">(DE-101)040334813</subfield>
      <subfield code="a">Ku stenschutz</subfield>
      <subfield code="2">gnd</subfield>
    </datafield>
    <datafield ind1=" " ind2="7" tag="650">
      <subfield code="0">(DE-588)4064700-6</subfield>
      <subfield code="0">(DE-101)040647005</subfield>
      <subfield code="a">Wasserbau</subfield>
      <subfield code="2">gnd</subfield>
    </datafield>
    <datafield ind1=" " ind2="7" tag="650">
      <subfield code="0">(DE-588)4022859-9</subfield>
      <subfield code="0">(DE-101)040228592</subfield>
      <subfield code="a">Hafen</subfield>
      <subfield code="2">gnd</subfield>
    </datafield>
    <datafield ind1=" " ind2="7" tag="650">
      <subfield code="0">(DE-588)4255921-2</subfield>
      <subfield code="0">(DE-101)042559219</subfield>
      <subfield code="a">Deichbau</subfield>
      <subfield code="2">gnd</subfield>
    </datafield>
    <datafield ind1="0" ind2="0" tag="689">
      <subfield code="0">(DE-588)4033481-8</subfield>
      <subfield code="0">(DE-101)040334813</subfield>
      <subfield code="D">s</subfield>
      <subfield code="a">Ku stenschutz</subfield>
    </datafield>
    <datafield ind1="0" ind2=" " tag="689">
      <subfield code="5">DE-600</subfield>
      <subfield code="5">DE-600</subfield>
    </datafield>
    <datafield ind1="1" ind2="0" tag="689">
      <subfield code="0">(DE-588)4064700-6</subfield>
      <subfield code="0">(DE-101)040647005</subfield>
      <subfield code="D">s</subfield>
      <subfield code="a">Wasserbau</subfield>
    </datafield>
    <datafield ind1="1" ind2=" " tag="689">
      <subfield code="5">DE-600</subfield>
      <subfield code="5">DE-600</subfield>
    </datafield>
    <datafield ind1="2" ind2="0" tag="689">
      <subfield code="0">(DE-588)4022859-9</subfield>
      <subfield code="0">(DE-101)040228592</subfield>
      <subfield code="D">s</subfield>
      <subfield code="a">Hafen</subfield>
    </datafield>
    <datafield ind1="2" ind2="1" tag="689">
      <subfield code="0">(DE-588)4255921-2</subfield>
      <subfield code="0">(DE-101)042559219</subfield>
      <subfield code="D">s</subfield>
      <subfield code="a">Deichbau</subfield>
    </datafield>
    <datafield ind1="2" ind2=" " tag="689">
      <subfield code="5">DE-600</subfield>
      <subfield code="5">DE-600</subfield>
    </datafield>
    <datafield ind1="0" ind2="8" tag="775">
      <subfield code="i">Online-Ausg.</subfield>
      <subfield code="a">Franzius-Institut fu r Wasserbau und Ku steningenieurwesen &lt;Hannover&gt;</subfield>
      <subfield code="t">Mitteilungen / Franzius-Institut fu r Wasserbau und Ku steningenieurwesen</subfield>
      <subfield code="w">(DE-600)2401198-8</subfield>
      <subfield code="w">(DE-101)986823872</subfield>
    </datafield>
    <datafield ind1="0" ind2="0" tag="780">
      <subfield code="i">Vorg.:</subfield>
      <subfield code="a">Technische Universita t Hannover / Lehrstuhl fu r Verkehrswasserbau und Franzius-Institut fu r Wasserbau und Ku steningenieurwesen</subfield>
      <subfield code="t">Mitteilungen des Franzius-Instituts fu r Wasserbau und Ku steningenieurwesen der Technischen Universita t Hannover</subfield>
      <subfield code="w">(DE-600)189794-9</subfield>
      <subfield code="w">(DE-101)011048352</subfield>
    </datafield>
    <datafield ind1="0" ind2="8" tag="787">
      <subfield code="i">59=26 von</subfield>
      <subfield code="a">Gesellschaft der Fo rderer des Franzius-Instituts</subfield>
      <subfield code="t">Vortra ge im Rahmen der Mitgliederversammlung der Gesellschaft der Fo rderer des Franzius-Instituts e.V.</subfield>
      <subfield code="w">(DE-600)54179-5</subfield>
      <subfield code="w">(DE-101)010475850</subfield>
    </datafield>
    <datafield ind1=" " ind2=" " tag="889">
      <subfield code="w">(DE-101)551549564</subfield>
    </datafield>
    <datafield ind1="r" ind2=" " tag="925">
      <subfield code="a">rb</subfield>
    </datafield>
  </record>