<record xmlns="http://www.loc.gov/MARC21/slim" xmlns:xsi="http://www.w3.org/2001/XMLSchema-instance" xsi:schemaLocation="http://www.loc.gov/MARC21/slim http://www.loc.gov/standards/marcxml/schema/MARC21slim.xsd">
    <leader>03940nas a2200853 c 4500</leader>
    <controlfield tag="001">011046856</controlfield>
    <controlfield tag="003">DE-101</controlfield>
    <controlfield tag="005">20110518104535.0</controlfield>
    <controlfield tag="007">tu</controlfield>
    <controlfield tag="008">991118c19749999sz u||m|r ||| 0||||0ger c</controlfield>
    <datafield ind1=" " ind2=" " tag="015">
      <subfield code="a">07,A25,0256</subfield>
      <subfield code="2">dnb</subfield>
    </datafield>
    <datafield ind1="7" ind2=" " tag="016">
      <subfield code="2">DE-101</subfield>
      <subfield code="a">011046856</subfield>
    </datafield>
    <datafield ind1="7" ind2=" " tag="016">
      <subfield code="2">DE-600</subfield>
      <subfield code="a">189611-8</subfield>
    </datafield>
    <datafield ind1=" " ind2=" " tag="022">
      <subfield code="a">0721-3654</subfield>
    </datafield>
    <datafield ind1=" " ind2=" " tag="035">
      <subfield code="a">(DE-599)ZDB189611-8</subfield>
    </datafield>
    <datafield ind1=" " ind2=" " tag="035">
      <subfield code="a">(OCoLC)714168799</subfield>
    </datafield>
    <datafield ind1=" " ind2=" " tag="040">
      <subfield code="a">9001</subfield>
      <subfield code="b">ger</subfield>
      <subfield code="c">DE-101</subfield>
      <subfield code="d">9999</subfield>
    </datafield>
    <datafield ind1=" " ind2=" " tag="041">
      <subfield code="a">ger</subfield>
    </datafield>
    <datafield ind1=" " ind2=" " tag="044">
      <subfield code="c">XA-CH</subfield>
      <subfield code="c">XA-DE</subfield>
    </datafield>
    <datafield ind1=" " ind2=" " tag="084">
      <subfield code="a">320</subfield>
      <subfield code="q">DE-101</subfield>
      <subfield code="2">sdnb</subfield>
    </datafield>
    <datafield ind1=" " ind2=" " tag="084">
      <subfield code="a">6,23</subfield>
      <subfield code="2">ssgn</subfield>
    </datafield>
    <datafield ind1=" " ind2=" " tag="084">
      <subfield code="a">320</subfield>
      <subfield code="q">DE-600</subfield>
      <subfield code="2">sdnb</subfield>
    </datafield>
    <datafield ind1="1" ind2="0" tag="245">
      <subfield code="a">Europa ische Hochschulschriften</subfield>
      <subfield code="b">= Publications universitaires europe ennes = European university studies</subfield>
      <subfield code="n">Reihe 31</subfield>
      <subfield code="p">Politik = Sciences politiques = Politics</subfield>
    </datafield>
    <datafield ind1="1" ind2="9" tag="246">
      <subfield code="a">Europa ische Hochschulschriften / 31</subfield>
    </datafield>
    <datafield ind1="1" ind2="3" tag="246">
      <subfield code="a">Publications universitaires europe ennes</subfield>
    </datafield>
    <datafield ind1="1" ind2="3" tag="246">
      <subfield code="a">European university studies</subfield>
    </datafield>
    <datafield ind1="1" ind2="0" tag="247">
      <subfield code="a">Pubblicazioni universitarie europee</subfield>
      <subfield code="f">Ital. Parallelsacht. anfangs</subfield>
    </datafield>
    <datafield ind1="1" ind2="0" tag="247">
      <subfield code="a">European university papers</subfield>
      <subfield code="f">Engl. Parallelsacht. anfangs</subfield>
    </datafield>
    <datafield ind1="1" ind2="0" tag="247">
      <subfield code="a">Politikwissenschaft</subfield>
      <subfield code="f">Sachl. Benennung teils</subfield>
    </datafield>
    <datafield ind1="1" ind2="0" tag="247">
      <subfield code="a">Politikwissenschaften</subfield>
      <subfield code="f">Sachl. Benennung teils</subfield>
    </datafield>
    <datafield ind1="1" ind2="0" tag="247">
      <subfield code="a">Political science</subfield>
      <subfield code="f">Parallele sachl. Benennung engl. teils</subfield>
    </datafield>
    <datafield ind1="3" ind2=" " tag="260">
      <subfield code="a">Bern [u.a.]</subfield>
      <subfield code="a">Frankfurt, M.</subfield>
      <subfield code="a">Wien</subfield>
      <subfield code="b">Lang [u.a.]</subfield>
    </datafield>
    <datafield ind1="0" ind2=" " tag="362">
      <subfield code="a">1.1974 -</subfield>
    </datafield>
    <datafield ind1="0" ind2="1" tag="363">
      <subfield code="8">1.1\x</subfield>
      <subfield code="i">1974</subfield>
    </datafield>
    <datafield ind1="1" ind2="7" tag="610">
      <subfield code="0">(DE-588)4556297-0</subfield>
      <subfield code="0">(DE-101)957234678</subfield>
      <subfield code="a">Nationalsozialistische Deutsche Arbeiterpartei</subfield>
      <subfield code="b">Auslands-Organisation</subfield>
      <subfield code="b">Landesgruppe USA</subfield>
      <subfield code="2">gnd</subfield>
    </datafield>
    <datafield ind1=" " ind2="7" tag="648">
      <subfield code="a">Geschichte 1933-1941</subfield>
      <subfield code="2">gnd</subfield>
    </datafield>
    <datafield ind1=" " ind2="7" tag="648">
      <subfield code="a">Geschichte &lt;1933-1941&gt;</subfield>
      <subfield code="2">gnd</subfield>
    </datafield>
    <datafield ind1=" " ind2="7" tag="650">
      <subfield code="0">(DE-588)4070334-4</subfield>
      <subfield code="0">(DE-101)040703347</subfield>
      <subfield code="a">Deutsche</subfield>
      <subfield code="2">gnd</subfield>
    </datafield>
    <datafield ind1=" " ind2="7" tag="650">
      <subfield code="0">(DE-588)4041316-0</subfield>
      <subfield code="0">(DE-101)040413160</subfield>
      <subfield code="a">Nationalsozialismus</subfield>
      <subfield code="2">gnd</subfield>
    </datafield>
    <datafield ind1=" " ind2="7" tag="650">
      <subfield code="0">(DE-588)4070334-4</subfield>
      <subfield code="0">(DE-101)040703347</subfield>
      <subfield code="a">Deutsche</subfield>
      <subfield code="2">gnd</subfield>
    </datafield>
    <datafield ind1=" " ind2="7" tag="650">
      <subfield code="0">(DE-588)4047150-0</subfield>
      <subfield code="0">(DE-101)040471500</subfield>
      <subfield code="a">Presse</subfield>
      <subfield code="2">gnd</subfield>
    </datafield>
    <datafield ind1=" " ind2="7" tag="650">
      <subfield code="0">(DE-588)4041316-0</subfield>
      <subfield code="0">(DE-101)040413160</subfield>
      <subfield code="a">Nationalsozialismus</subfield>
      <subfield code="2">gnd</subfield>
    </datafield>
    <datafield ind1=" " ind2="7" tag="650">
      <subfield code="0">(DE-588)4070334-4</subfield>
      <subfield code="0">(DE-101)040703347</subfield>
      <subfield code="a">Deutsche</subfield>
      <subfield code="2">gnd</subfield>
    </datafield>
    <datafield ind1=" " ind2="7" tag="650">
      <subfield code="0">(DE-588)4047150-0</subfield>
      <subfield code="0">(DE-101)040471500</subfield>
      <subfield code="a">Presse</subfield>
      <subfield code="2">gnd</subfield>
    </datafield>
    <datafield ind1=" " ind2="7" tag="650">
      <subfield code="0">(DE-588)4113292-0</subfield>
      <subfield code="0">(DE-101)041132920</subfield>
      <subfield code="a">Deutsch</subfield>
      <subfield code="2">gnd</subfield>
    </datafield>
    <datafield ind1=" " ind2="7" tag="650">
      <subfield code="0">(DE-588)4041316-0</subfield>
      <subfield code="0">(DE-101)040413160</subfield>
      <subfield code="a">Nationalsozialismus</subfield>
      <subfield code="2">gnd</subfield>
    </datafield>
    <datafield ind1=" " ind2="7" tag="651">
      <subfield code="0">(DE-588)4078704-7</subfield>
      <subfield code="0">(DE-101)040787044</subfield>
      <subfield code="a">USA</subfield>
      <subfield code="2">gnd</subfield>
    </datafield>
    <datafield ind1=" " ind2="7" tag="651">
      <subfield code="0">(DE-588)4078704-7</subfield>
      <subfield code="0">(DE-101)040787044</subfield>
      <subfield code="a">USA</subfield>
      <subfield code="2">gnd</subfield>
    </datafield>
    <datafield ind1=" " ind2="7" tag="651">
      <subfield code="0">(DE-588)4042011-5</subfield>
      <subfield code="0">(DE-101)040420116</subfield>
      <subfield code="a">New York, NY</subfield>
      <subfield code="2">gnd</subfield>
    </datafield>
    <datafield ind1=" " ind2="7" tag="651">
      <subfield code="0">(DE-588)4042011-5</subfield>
      <subfield code="0">(DE-101)040420116</subfield>
      <subfield code="a">New York, NY</subfield>
      <subfield code="2">gnd</subfield>
    </datafield>
    <datafield ind1="0" ind2="0" tag="689">
      <subfield code="0">(DE-588)4556297-0</subfield>
      <subfield code="0">(DE-101)957234678</subfield>
      <subfield code="D">b</subfield>
      <subfield code="a">Nationalsozialistische Deutsche Arbeiterpartei</subfield>
      <subfield code="b">Auslands-Organisation</subfield>
      <subfield code="b">Landesgruppe USA</subfield>
    </datafield>
    <datafield ind1="0" ind2=" " tag="689">
      <subfield code="5">DE-600</subfield>
      <subfield code="5">DE-600</subfield>
    </datafield>
    <datafield ind1="1" ind2="0" tag="689">
      <subfield code="0">(DE-588)4078704-7</subfield>
      <subfield code="0">(DE-101)040787044</subfield>
      <subfield code="D">g</subfield>
      <subfield code="a">USA</subfield>
    </datafield>
    <datafield ind1="1" ind2="1" tag="689">
      <subfield code="0">(DE-588)4070334-4</subfield>
      <subfield code="0">(DE-101)040703347</subfield>
      <subfield code="D">s</subfield>
      <subfield code="a">Deutsche</subfield>
    </datafield>
    <datafield ind1="1" ind2=" " tag="689">
      <subfield code="5">DE-600</subfield>
      <subfield code="5">DE-600</subfield>
    </datafield>
    <datafield ind1="2" ind2="0" tag="689">
      <subfield code="0">(DE-588)4078704-7</subfield>
      <subfield code="0">(DE-101)040787044</subfield>
      <subfield code="D">g</subfield>
      <subfield code="a">USA</subfield>
    </datafield>
    <datafield ind1="2" ind2="1" tag="689">
      <subfield code="0">(DE-588)4041316-0</subfield>
      <subfield code="0">(DE-101)040413160</subfield>
      <subfield code="D">s</subfield>
      <subfield code="a">Nationalsozialismus</subfield>
    </datafield>
    <datafield ind1="2" ind2="2" tag="689">
      <subfield code="0">(DE-588)4070334-4</subfield>
      <subfield code="0">(DE-101)040703347</subfield>
      <subfield code="D">s</subfield>
      <subfield code="a">Deutsche</subfield>
    </datafield>
    <datafield ind1="2" ind2=" " tag="689">
      <subfield code="5">DE-600</subfield>
      <subfield code="5">DE-600</subfield>
    </datafield>
    <datafield ind1="3" ind2="0" tag="689">
      <subfield code="0">(DE-588)4042011-5</subfield>
      <subfield code="0">(DE-101)040420116</subfield>
      <subfield code="D">g</subfield>
      <subfield code="a">New York, NY</subfield>
    </datafield>
    <datafield ind1="3" ind2="1" tag="689">
      <subfield code="0">(DE-588)4047150-0</subfield>
      <subfield code="0">(DE-101)040471500</subfield>
      <subfield code="D">s</subfield>
      <subfield code="a">Presse</subfield>
    </datafield>
    <datafield ind1="3" ind2="2" tag="689">
      <subfield code="0">(DE-588)4041316-0</subfield>
      <subfield code="0">(DE-101)040413160</subfield>
      <subfield code="D">s</subfield>
      <subfield code="a">Nationalsozialismus</subfield>
    </datafield>
    <datafield ind1="3" ind2="3" tag="689">
      <subfield code="0">(DE-588)4070334-4</subfield>
      <subfield code="0">(DE-101)040703347</subfield>
      <subfield code="D">s</subfield>
      <subfield code="a">Deutsche</subfield>
    </datafield>
    <datafield ind1="3" ind2="4" tag="689">
      <subfield code="A">z</subfield>
      <subfield code="a">Geschichte 1933-1941</subfield>
    </datafield>
    <datafield ind1="3" ind2=" " tag="689">
      <subfield code="5">DE-600</subfield>
      <subfield code="5">DE-600</subfield>
    </datafield>
    <datafield ind1="4" ind2="0" tag="689">
      <subfield code="0">(DE-588)4042011-5</subfield>
      <subfield code="0">(DE-101)040420116</subfield>
      <subfield code="D">g</subfield>
      <subfield code="a">New York, NY</subfield>
    </datafield>
    <datafield ind1="4" ind2="1" tag="689">
      <subfield code="0">(DE-588)4047150-0</subfield>
      <subfield code="0">(DE-101)040471500</subfield>
      <subfield code="D">s</subfield>
      <subfield code="a">Presse</subfield>
    </datafield>
    <datafield ind1="4" ind2="2" tag="689">
      <subfield code="0">(DE-588)4113292-0</subfield>
      <subfield code="0">(DE-101)041132920</subfield>
      <subfield code="D">s</subfield>
      <subfield code="a">Deutsch</subfield>
    </datafield>
    <datafield ind1="4" ind2="3" tag="689">
      <subfield code="0">(DE-588)4041316-0</subfield>
      <subfield code="0">(DE-101)040413160</subfield>
      <subfield code="D">s</subfield>
      <subfield code="a">Nationalsozialismus</subfield>
    </datafield>
    <datafield ind1="4" ind2="4" tag="689">
      <subfield code="A">z</subfield>
      <subfield code="a">Geschichte &lt;1933-1941&gt;</subfield>
    </datafield>
    <datafield ind1="4" ind2=" " tag="689">
      <subfield code="5">DE-600</subfield>
      <subfield code="5">DE-600</subfield>
    </datafield>
    <datafield ind1="0" ind2="8" tag="787">
      <subfield code="i">131=1987 von</subfield>
      <subfield code="t">Proudhon-Bibliographie</subfield>
      <subfield code="w">(DE-600)1025676-3</subfield>
      <subfield code="w">(DE-101)015582892</subfield>
    </datafield>
    <datafield ind1=" " ind2=" " tag="889">
      <subfield code="w">(DE-101)550036067</subfield>
    </datafield>
    <datafield ind1=" " ind2=" " tag="930">
      <subfield code="l">Reihe 31</subfield>
      <subfield code="a">Politik</subfield>
      <subfield code="f">Sciences politiques</subfield>
      <subfield code="f">Politics</subfield>
    </datafield>
  </record>