<record xmlns="http://www.loc.gov/MARC21/slim" xmlns:xsi="http://www.w3.org/2001/XMLSchema-instance" xsi:schemaLocation="http://www.loc.gov/MARC21/slim http://www.loc.gov/standards/marcxml/schema/MARC21slim.xsd">
    <leader>02809nas a2200589 c 4500</leader>
    <controlfield tag="001">011071184</controlfield>
    <controlfield tag="003">DE-101</controlfield>
    <controlfield tag="005">20120309150800.0</controlfield>
    <controlfield tag="007">tu</controlfield>
    <controlfield tag="008">991118c19759999gw z||m|r ||| 0||||0ger c</controlfield>
    <datafield ind1=" " ind2=" " tag="015">
      <subfield code="a">08,A13,0566</subfield>
      <subfield code="2">dnb</subfield>
    </datafield>
    <datafield ind1="7" ind2=" " tag="016">
      <subfield code="2">DE-101</subfield>
      <subfield code="a">011071184</subfield>
    </datafield>
    <datafield ind1="7" ind2=" " tag="016">
      <subfield code="2">DE-600</subfield>
      <subfield code="a">192541-6</subfield>
    </datafield>
    <datafield ind1=" " ind2=" " tag="022">
      <subfield code="a">0341-3233</subfield>
    </datafield>
    <datafield ind1=" " ind2=" " tag="035">
      <subfield code="a">(DE-599)ZDB192541-6</subfield>
    </datafield>
    <datafield ind1=" " ind2=" " tag="035">
      <subfield code="a">(OCoLC)84213332</subfield>
    </datafield>
    <datafield ind1=" " ind2=" " tag="040">
      <subfield code="a">9001</subfield>
      <subfield code="b">ger</subfield>
      <subfield code="c">DE-101</subfield>
      <subfield code="d">1240</subfield>
    </datafield>
    <datafield ind1=" " ind2=" " tag="041">
      <subfield code="a">ger</subfield>
    </datafield>
    <datafield ind1=" " ind2=" " tag="044">
      <subfield code="c">XA-DE</subfield>
    </datafield>
    <datafield ind1=" " ind2=" " tag="084">
      <subfield code="a">340</subfield>
      <subfield code="q">DE-101</subfield>
      <subfield code="2">sdnb</subfield>
    </datafield>
    <datafield ind1=" " ind2=" " tag="084">
      <subfield code="a">320</subfield>
      <subfield code="q">DE-600</subfield>
      <subfield code="2">sdnb</subfield>
    </datafield>
    <datafield ind1="2" ind2=" " tag="110">
      <subfield code="0">(DE-588)2033374-2</subfield>
      <subfield code="0">(DE-101)004894073</subfield>
      <subfield code="a">Institut fu r Internationale Angelegenheiten</subfield>
      <subfield code="g">Hamburg</subfield>
      <subfield code="4">aut</subfield>
    </datafield>
    <datafield ind1="1" ind2="0" tag="245">
      <subfield code="a">Vero ffentlichungen aus dem Institut fu r Internationale Angelegenheiten der Universita t Hamburg</subfield>
    </datafield>
    <datafield ind1="3" ind2=" " tag="260">
      <subfield code="a">Baden-Baden</subfield>
      <subfield code="b">Nomos</subfield>
    </datafield>
    <datafield ind1=" " ind2=" " tag="260">
      <subfield code="a">Frankfurt, M.</subfield>
      <subfield code="b">Metzner</subfield>
      <subfield code="c">anfangs</subfield>
    </datafield>
    <datafield ind1="0" ind2=" " tag="362">
      <subfield code="a">1.1975 -</subfield>
    </datafield>
    <datafield ind1="0" ind2="1" tag="363">
      <subfield code="8">1.1\x</subfield>
      <subfield code="a">1</subfield>
      <subfield code="i">1975</subfield>
    </datafield>
    <datafield ind1=" " ind2=" " tag="515">
      <subfield code="a">Ersch. unregelma ©ig</subfield>
    </datafield>
    <datafield ind1=" " ind2="7" tag="650">
      <subfield code="0">(DE-588)4063337-8</subfield>
      <subfield code="0">(DE-101)040633373</subfield>
      <subfield code="a">Verwaltungsgerichtsbarkeit</subfield>
      <subfield code="2">gnd</subfield>
    </datafield>
    <datafield ind1=" " ind2="7" tag="650">
      <subfield code="0">(DE-588)4127124-5</subfield>
      <subfield code="0">(DE-101)041271246</subfield>
      <subfield code="a">Verwaltungsrechtspflege</subfield>
      <subfield code="2">gnd</subfield>
    </datafield>
    <datafield ind1=" " ind2="7" tag="650">
      <subfield code="0">(DE-588)4020517-4</subfield>
      <subfield code="0">(DE-101)040205177</subfield>
      <subfield code="a">Geschichte</subfield>
      <subfield code="2">gnd</subfield>
    </datafield>
    <datafield ind1=" " ind2="7" tag="650">
      <subfield code="0">(DE-588)4063351-2</subfield>
      <subfield code="0">(DE-101)040633519</subfield>
      <subfield code="a">Verwaltungsrecht</subfield>
      <subfield code="2">gnd</subfield>
    </datafield>
    <datafield ind1=" " ind2="7" tag="651">
      <subfield code="0">(DE-588)4022153-2</subfield>
      <subfield code="0">(DE-101)040221539</subfield>
      <subfield code="a">Gro©britannien</subfield>
      <subfield code="2">gnd</subfield>
    </datafield>
    <datafield ind1=" " ind2="7" tag="651">
      <subfield code="0">(DE-588)4022153-2</subfield>
      <subfield code="0">(DE-101)040221539</subfield>
      <subfield code="a">Gro©britannien</subfield>
      <subfield code="2">gnd</subfield>
    </datafield>
    <datafield ind1=" " ind2="7" tag="651">
      <subfield code="0">(DE-588)4022153-2</subfield>
      <subfield code="0">(DE-101)040221539</subfield>
      <subfield code="a">Gro©britannien</subfield>
      <subfield code="2">gnd</subfield>
    </datafield>
    <datafield ind1="0" ind2="0" tag="689">
      <subfield code="0">(DE-588)4022153-2</subfield>
      <subfield code="0">(DE-101)040221539</subfield>
      <subfield code="D">g</subfield>
      <subfield code="a">Gro©britannien</subfield>
    </datafield>
    <datafield ind1="0" ind2="1" tag="689">
      <subfield code="0">(DE-588)4063337-8</subfield>
      <subfield code="0">(DE-101)040633373</subfield>
      <subfield code="D">s</subfield>
      <subfield code="a">Verwaltungsgerichtsbarkeit</subfield>
    </datafield>
    <datafield ind1="0" ind2=" " tag="689">
      <subfield code="5">DE-600</subfield>
      <subfield code="5">DE-600</subfield>
    </datafield>
    <datafield ind1="1" ind2="0" tag="689">
      <subfield code="0">(DE-588)4022153-2</subfield>
      <subfield code="0">(DE-101)040221539</subfield>
      <subfield code="D">g</subfield>
      <subfield code="a">Gro©britannien</subfield>
    </datafield>
    <datafield ind1="1" ind2="1" tag="689">
      <subfield code="0">(DE-588)4127124-5</subfield>
      <subfield code="0">(DE-101)041271246</subfield>
      <subfield code="D">s</subfield>
      <subfield code="a">Verwaltungsrechtspflege</subfield>
    </datafield>
    <datafield ind1="1" ind2="2" tag="689">
      <subfield code="0">(DE-588)4020517-4</subfield>
      <subfield code="0">(DE-101)040205177</subfield>
      <subfield code="D">s</subfield>
      <subfield code="a">Geschichte</subfield>
    </datafield>
    <datafield ind1="1" ind2=" " tag="689">
      <subfield code="5">DE-600</subfield>
      <subfield code="5">DE-600</subfield>
    </datafield>
    <datafield ind1="2" ind2="0" tag="689">
      <subfield code="0">(DE-588)4022153-2</subfield>
      <subfield code="0">(DE-101)040221539</subfield>
      <subfield code="D">g</subfield>
      <subfield code="a">Gro©britannien</subfield>
    </datafield>
    <datafield ind1="2" ind2="1" tag="689">
      <subfield code="0">(DE-588)4063351-2</subfield>
      <subfield code="0">(DE-101)040633519</subfield>
      <subfield code="D">s</subfield>
      <subfield code="a">Verwaltungsrecht</subfield>
    </datafield>
    <datafield ind1="2" ind2=" " tag="689">
      <subfield code="5">DE-600</subfield>
      <subfield code="5">DE-600</subfield>
    </datafield>
    <datafield ind1="0" ind2="0" tag="780">
      <subfield code="i">Vorg.:</subfield>
      <subfield code="a">Forschungsstelle fu r Vo lkerrecht und Ausla ndisches O ffentliches Recht &lt;Hamburg&gt;</subfield>
      <subfield code="t">Abhandlungen der Forschungsstelle fu r Vo lkerrecht und Ausla ndisches O ffentliches Recht an der Universita t Hamburg</subfield>
      <subfield code="w">(DE-600)501741-5</subfield>
      <subfield code="w">(DE-101)012619930</subfield>
    </datafield>
    <datafield ind1="0" ind2="0" tag="780">
      <subfield code="i">Vorg.:</subfield>
      <subfield code="t">Darstellungen zur auswa rtigen Politik</subfield>
      <subfield code="w">(DE-600)507129-x</subfield>
      <subfield code="w">(DE-101)01266569X</subfield>
    </datafield>
    <datafield ind1="0" ind2="0" tag="780">
      <subfield code="i">Vorg.:</subfield>
      <subfield code="t">℗Die℗ Staatsverfassungen der Welt in Einzelausgaben</subfield>
      <subfield code="w">(DE-600)544533-4</subfield>
      <subfield code="w">(DE-101)012970077</subfield>
    </datafield>
    <datafield ind1="0" ind2="0" tag="780">
      <subfield code="i">Vorg.:</subfield>
      <subfield code="t">Untersuchungen zur auswa rtigen Politik</subfield>
      <subfield code="w">(DE-600)534569-8</subfield>
      <subfield code="w">(DE-101)012878332</subfield>
    </datafield>
    <datafield ind1="0" ind2="0" tag="780">
      <subfield code="i">Darin aufgeg.</subfield>
      <subfield code="t">Varia iuris publici</subfield>
      <subfield code="w">(DE-600)705597-3</subfield>
      <subfield code="w">(DE-101)013829858</subfield>
    </datafield>
    <datafield ind1=" " ind2=" " tag="889">
      <subfield code="w">(DE-101)550025715</subfield>
    </datafield>
    <datafield ind1="r" ind2=" " tag="925">
      <subfield code="a">ra</subfield>
    </datafield>
  </record>