<record xmlns="http://www.loc.gov/MARC21/slim" xmlns:xsi="http://www.w3.org/2001/XMLSchema-instance" xsi:schemaLocation="http://www.loc.gov/MARC21/slim http://www.loc.gov/standards/marcxml/schema/MARC21slim.xsd">
    <leader>03632nas a2200793 c 4500</leader>
    <controlfield tag="001">011693797</controlfield>
    <controlfield tag="003">DE-101</controlfield>
    <controlfield tag="005">20110519101546.0</controlfield>
    <controlfield tag="007">tu</controlfield>
    <controlfield tag="008">991119c19849999gw z||m|r ||| 0||||0ger c</controlfield>
    <datafield ind1=" " ind2=" " tag="015">
      <subfield code="a">07,A24,0419</subfield>
      <subfield code="2">dnb</subfield>
    </datafield>
    <datafield ind1="7" ind2=" " tag="016">
      <subfield code="2">DE-101</subfield>
      <subfield code="a">011693797</subfield>
    </datafield>
    <datafield ind1="7" ind2=" " tag="016">
      <subfield code="2">DE-600</subfield>
      <subfield code="a">271894-7</subfield>
    </datafield>
    <datafield ind1=" " ind2=" " tag="022">
      <subfield code="a">0935-5383</subfield>
    </datafield>
    <datafield ind1=" " ind2=" " tag="035">
      <subfield code="a">(DE-599)ZDB271894-7</subfield>
    </datafield>
    <datafield ind1=" " ind2=" " tag="035">
      <subfield code="a">(OCoLC)714173068</subfield>
    </datafield>
    <datafield ind1=" " ind2=" " tag="040">
      <subfield code="a">9001</subfield>
      <subfield code="b">ger</subfield>
      <subfield code="c">DE-101</subfield>
      <subfield code="d">9999</subfield>
    </datafield>
    <datafield ind1=" " ind2=" " tag="041">
      <subfield code="a">ger</subfield>
    </datafield>
    <datafield ind1=" " ind2=" " tag="044">
      <subfield code="c">XA-DE</subfield>
    </datafield>
    <datafield ind1=" " ind2=" " tag="084">
      <subfield code="a">340</subfield>
      <subfield code="q">DE-101</subfield>
      <subfield code="2">sdnb</subfield>
    </datafield>
    <datafield ind1=" " ind2=" " tag="084">
      <subfield code="a">6,23</subfield>
      <subfield code="2">ssgn</subfield>
    </datafield>
    <datafield ind1=" " ind2=" " tag="084">
      <subfield code="a">340</subfield>
      <subfield code="q">DE-600</subfield>
      <subfield code="2">sdnb</subfield>
    </datafield>
    <datafield ind1="1" ind2="0" tag="245">
      <subfield code="a">Mu nsterische Beitra ge zur Rechtswissenschaft</subfield>
    </datafield>
    <datafield ind1="1" ind2="0" tag="247">
      <subfield code="a">MBR</subfield>
      <subfield code="f">Nebent. teils.</subfield>
    </datafield>
    <datafield ind1="3" ind2=" " tag="260">
      <subfield code="a">Baden-Baden</subfield>
      <subfield code="b">Nomos</subfield>
    </datafield>
    <datafield ind1=" " ind2=" " tag="260">
      <subfield code="a">Berlin</subfield>
      <subfield code="b">Duncker &amp; Humblot</subfield>
      <subfield code="c">-2009</subfield>
    </datafield>
    <datafield ind1="0" ind2=" " tag="362">
      <subfield code="a">1.1984 - 189.2009; N.F. 1.2010 -</subfield>
    </datafield>
    <datafield ind1=" " ind2=" " tag="515">
      <subfield code="a">Ersch. unregelma ©ig</subfield>
    </datafield>
    <datafield ind1=" " ind2=" " tag="550">
      <subfield code="a">Urh. anfangs: Fachbereich Rechtswissenschaft, Westfa lische Wilhelms-Universita t in Mu nster; Urh. teils: Rechtswissenschaftliche Fakulta t der Westfa lischen Wilhelms-Universita t in Mu nster</subfield>
    </datafield>
    <datafield ind1=" " ind2="7" tag="650">
      <subfield code="0">(DE-588)4048821-4</subfield>
      <subfield code="0">(DE-101)040488217</subfield>
      <subfield code="a">Rechtsphilosophie</subfield>
      <subfield code="2">gnd</subfield>
    </datafield>
    <datafield ind1=" " ind2="7" tag="650">
      <subfield code="0">(DE-588)4037764-7</subfield>
      <subfield code="0">(DE-101)040377644</subfield>
      <subfield code="a">Marxismus</subfield>
      <subfield code="2">gnd</subfield>
    </datafield>
    <datafield ind1=" " ind2="7" tag="650">
      <subfield code="0">(DE-588)4037764-7</subfield>
      <subfield code="0">(DE-101)040377644</subfield>
      <subfield code="a">Marxismus</subfield>
      <subfield code="2">gnd</subfield>
    </datafield>
    <datafield ind1=" " ind2="7" tag="650">
      <subfield code="0">(DE-588)4076226-9</subfield>
      <subfield code="0">(DE-101)040762262</subfield>
      <subfield code="a">Politische Philosophie</subfield>
      <subfield code="2">gnd</subfield>
    </datafield>
    <datafield ind1=" " ind2="7" tag="650">
      <subfield code="0">(DE-588)4055785-6</subfield>
      <subfield code="0">(DE-101)040557855</subfield>
      <subfield code="a">Sozialismus</subfield>
      <subfield code="2">gnd</subfield>
    </datafield>
    <datafield ind1=" " ind2="7" tag="650">
      <subfield code="0">(DE-588)4037764-7</subfield>
      <subfield code="0">(DE-101)040377644</subfield>
      <subfield code="a">Marxismus</subfield>
      <subfield code="2">gnd</subfield>
    </datafield>
    <datafield ind1=" " ind2="7" tag="650">
      <subfield code="0">(DE-588)4182672-3</subfield>
      <subfield code="0">(DE-101)041826728</subfield>
      <subfield code="a">Staatsrechtswissenschaft</subfield>
      <subfield code="2">gnd</subfield>
    </datafield>
    <datafield ind1=" " ind2="7" tag="650">
      <subfield code="0">(DE-588)4048821-4</subfield>
      <subfield code="0">(DE-101)040488217</subfield>
      <subfield code="a">Rechtsphilosophie</subfield>
      <subfield code="2">gnd</subfield>
    </datafield>
    <datafield ind1=" " ind2="7" tag="650">
      <subfield code="0">(DE-588)4037765-9</subfield>
      <subfield code="0">(DE-101)040377652</subfield>
      <subfield code="a">Marxismus-Leninismus</subfield>
      <subfield code="2">gnd</subfield>
    </datafield>
    <datafield ind1=" " ind2="7" tag="650">
      <subfield code="0">(DE-588)4076226-9</subfield>
      <subfield code="0">(DE-101)040762262</subfield>
      <subfield code="a">Politische Philosophie</subfield>
      <subfield code="2">gnd</subfield>
    </datafield>
    <datafield ind1=" " ind2="7" tag="650">
      <subfield code="0">(DE-588)4037765-9</subfield>
      <subfield code="0">(DE-101)040377652</subfield>
      <subfield code="a">Marxismus-Leninismus</subfield>
      <subfield code="2">gnd</subfield>
    </datafield>
    <datafield ind1=" " ind2="7" tag="650">
      <subfield code="0">(DE-588)4037764-7</subfield>
      <subfield code="0">(DE-101)040377644</subfield>
      <subfield code="a">Marxismus</subfield>
      <subfield code="2">gnd</subfield>
    </datafield>
    <datafield ind1=" " ind2="7" tag="650">
      <subfield code="0">(DE-588)4077784-4</subfield>
      <subfield code="0">(DE-101)040777847</subfield>
      <subfield code="a">Staatslehre</subfield>
      <subfield code="2">gnd</subfield>
    </datafield>
    <datafield ind1=" " ind2="7" tag="650">
      <subfield code="0">(DE-588)4037764-7</subfield>
      <subfield code="0">(DE-101)040377644</subfield>
      <subfield code="a">Marxismus</subfield>
      <subfield code="2">gnd</subfield>
    </datafield>
    <datafield ind1=" " ind2="7" tag="650">
      <subfield code="0">(DE-588)4126505-1</subfield>
      <subfield code="0">(DE-101)04126505X</subfield>
      <subfield code="a">Rechtstheorie</subfield>
      <subfield code="2">gnd</subfield>
    </datafield>
    <datafield ind1="0" ind2="0" tag="689">
      <subfield code="0">(DE-588)4048821-4</subfield>
      <subfield code="0">(DE-101)040488217</subfield>
      <subfield code="D">s</subfield>
      <subfield code="a">Rechtsphilosophie</subfield>
    </datafield>
    <datafield ind1="0" ind2="1" tag="689">
      <subfield code="0">(DE-588)4037764-7</subfield>
      <subfield code="0">(DE-101)040377644</subfield>
      <subfield code="D">s</subfield>
      <subfield code="a">Marxismus</subfield>
    </datafield>
    <datafield ind1="0" ind2=" " tag="689">
      <subfield code="5">DE-600</subfield>
      <subfield code="5">DE-600</subfield>
    </datafield>
    <datafield ind1="1" ind2="0" tag="689">
      <subfield code="0">(DE-588)4037764-7</subfield>
      <subfield code="0">(DE-101)040377644</subfield>
      <subfield code="D">s</subfield>
      <subfield code="a">Marxismus</subfield>
    </datafield>
    <datafield ind1="1" ind2="1" tag="689">
      <subfield code="0">(DE-588)4076226-9</subfield>
      <subfield code="0">(DE-101)040762262</subfield>
      <subfield code="D">s</subfield>
      <subfield code="a">Politische Philosophie</subfield>
    </datafield>
    <datafield ind1="1" ind2=" " tag="689">
      <subfield code="5">DE-600</subfield>
      <subfield code="5">DE-600</subfield>
    </datafield>
    <datafield ind1="2" ind2="0" tag="689">
      <subfield code="0">(DE-588)4055785-6</subfield>
      <subfield code="0">(DE-101)040557855</subfield>
      <subfield code="D">s</subfield>
      <subfield code="a">Sozialismus</subfield>
    </datafield>
    <datafield ind1="2" ind2="1" tag="689">
      <subfield code="0">(DE-588)4037764-7</subfield>
      <subfield code="0">(DE-101)040377644</subfield>
      <subfield code="D">s</subfield>
      <subfield code="a">Marxismus</subfield>
    </datafield>
    <datafield ind1="2" ind2="2" tag="689">
      <subfield code="0">(DE-588)4182672-3</subfield>
      <subfield code="0">(DE-101)041826728</subfield>
      <subfield code="D">s</subfield>
      <subfield code="a">Staatsrechtswissenschaft</subfield>
    </datafield>
    <datafield ind1="2" ind2=" " tag="689">
      <subfield code="5">DE-600</subfield>
      <subfield code="5">DE-600</subfield>
    </datafield>
    <datafield ind1="3" ind2="0" tag="689">
      <subfield code="0">(DE-588)4048821-4</subfield>
      <subfield code="0">(DE-101)040488217</subfield>
      <subfield code="D">s</subfield>
      <subfield code="a">Rechtsphilosophie</subfield>
    </datafield>
    <datafield ind1="3" ind2="1" tag="689">
      <subfield code="0">(DE-588)4037765-9</subfield>
      <subfield code="0">(DE-101)040377652</subfield>
      <subfield code="D">s</subfield>
      <subfield code="a">Marxismus-Leninismus</subfield>
    </datafield>
    <datafield ind1="3" ind2=" " tag="689">
      <subfield code="5">DE-600</subfield>
      <subfield code="5">DE-600</subfield>
    </datafield>
    <datafield ind1="4" ind2="0" tag="689">
      <subfield code="0">(DE-588)4076226-9</subfield>
      <subfield code="0">(DE-101)040762262</subfield>
      <subfield code="D">s</subfield>
      <subfield code="a">Politische Philosophie</subfield>
    </datafield>
    <datafield ind1="4" ind2="1" tag="689">
      <subfield code="0">(DE-588)4037765-9</subfield>
      <subfield code="0">(DE-101)040377652</subfield>
      <subfield code="D">s</subfield>
      <subfield code="a">Marxismus-Leninismus</subfield>
    </datafield>
    <datafield ind1="4" ind2=" " tag="689">
      <subfield code="5">DE-600</subfield>
      <subfield code="5">DE-600</subfield>
    </datafield>
    <datafield ind1="5" ind2="0" tag="689">
      <subfield code="0">(DE-588)4037764-7</subfield>
      <subfield code="0">(DE-101)040377644</subfield>
      <subfield code="D">s</subfield>
      <subfield code="a">Marxismus</subfield>
    </datafield>
    <datafield ind1="5" ind2="1" tag="689">
      <subfield code="0">(DE-588)4077784-4</subfield>
      <subfield code="0">(DE-101)040777847</subfield>
      <subfield code="D">s</subfield>
      <subfield code="a">Staatslehre</subfield>
    </datafield>
    <datafield ind1="5" ind2=" " tag="689">
      <subfield code="5">DE-600</subfield>
      <subfield code="5">DE-600</subfield>
    </datafield>
    <datafield ind1="6" ind2="0" tag="689">
      <subfield code="0">(DE-588)4037764-7</subfield>
      <subfield code="0">(DE-101)040377644</subfield>
      <subfield code="D">s</subfield>
      <subfield code="a">Marxismus</subfield>
    </datafield>
    <datafield ind1="6" ind2="1" tag="689">
      <subfield code="0">(DE-588)4126505-1</subfield>
      <subfield code="0">(DE-101)04126505X</subfield>
      <subfield code="D">s</subfield>
      <subfield code="a">Rechtstheorie</subfield>
    </datafield>
    <datafield ind1="6" ind2=" " tag="689">
      <subfield code="5">DE-600</subfield>
      <subfield code="5">DE-600</subfield>
    </datafield>
    <datafield ind1="0" ind2="0" tag="780">
      <subfield code="i">Vorg.:</subfield>
      <subfield code="t">Mu nsterische Beitra ge zur Rechts- und Staatswissenschaft</subfield>
      <subfield code="w">(DE-600)526949-0</subfield>
      <subfield code="w">(DE-101)012806927</subfield>
    </datafield>
    <datafield ind1=" " ind2=" " tag="889">
      <subfield code="w">(DE-101)550980997</subfield>
    </datafield>
    <datafield ind1="r" ind2=" " tag="925">
      <subfield code="a">ra</subfield>
    </datafield>
  </record>