<record xmlns="http://www.loc.gov/MARC21/slim" xmlns:xsi="http://www.w3.org/2001/XMLSchema-instance" xsi:schemaLocation="http://www.loc.gov/MARC21/slim http://www.loc.gov/standards/marcxml/schema/MARC21slim.xsd">
    <leader>02849nas a2200469 c 4500</leader>
    <controlfield tag="001">012251151</controlfield>
    <controlfield tag="003">DE-101</controlfield>
    <controlfield tag="005">20120217134819.0</controlfield>
    <controlfield tag="007">tu</controlfield>
    <controlfield tag="008">991119c19779999gw z||m|r ||| 0||||0ger c</controlfield>
    <datafield ind1=" " ind2=" " tag="015">
      <subfield code="a">08,A09,0062</subfield>
      <subfield code="2">dnb</subfield>
    </datafield>
    <datafield ind1="7" ind2=" " tag="016">
      <subfield code="2">DE-101</subfield>
      <subfield code="a">012251151</subfield>
    </datafield>
    <datafield ind1="7" ind2=" " tag="016">
      <subfield code="2">DE-600</subfield>
      <subfield code="a">409345-8</subfield>
    </datafield>
    <datafield ind1=" " ind2=" " tag="035">
      <subfield code="a">(DE-599)ZDB409345-8</subfield>
    </datafield>
    <datafield ind1=" " ind2=" " tag="035">
      <subfield code="a">(OCoLC)714174614</subfield>
    </datafield>
    <datafield ind1=" " ind2=" " tag="040">
      <subfield code="a">9001</subfield>
      <subfield code="b">ger</subfield>
      <subfield code="c">DE-101</subfield>
      <subfield code="d">1240</subfield>
    </datafield>
    <datafield ind1=" " ind2=" " tag="041">
      <subfield code="a">ger</subfield>
    </datafield>
    <datafield ind1=" " ind2=" " tag="044">
      <subfield code="c">XA-DE</subfield>
    </datafield>
    <datafield ind1=" " ind2=" " tag="084">
      <subfield code="a">050</subfield>
      <subfield code="q">DE-101</subfield>
      <subfield code="2">sdnb</subfield>
    </datafield>
    <datafield ind1=" " ind2=" " tag="084">
      <subfield code="a">6,23</subfield>
      <subfield code="2">ssgn</subfield>
    </datafield>
    <datafield ind1=" " ind2=" " tag="084">
      <subfield code="a">500</subfield>
      <subfield code="q">DE-600</subfield>
      <subfield code="2">sdnb</subfield>
    </datafield>
    <datafield ind1="1" ind2="0" tag="245">
      <subfield code="a">Campus Forschung</subfield>
    </datafield>
    <datafield ind1="1" ind2="3" tag="246">
      <subfield code="a">Campus-Forschung</subfield>
    </datafield>
    <datafield ind1="1" ind2="0" tag="247">
      <subfield code="a">Campus research</subfield>
      <subfield code="f">Parallelsacht. teils</subfield>
    </datafield>
    <datafield ind1="3" ind2=" " tag="260">
      <subfield code="a">Frankfurt, M.</subfield>
      <subfield code="a">New York, NY</subfield>
      <subfield code="b">Campus-Verl.</subfield>
    </datafield>
    <datafield ind1="0" ind2=" " tag="362">
      <subfield code="a">Nachgewiesen Nr. 21.1977 -</subfield>
    </datafield>
    <datafield ind1="0" ind2="1" tag="363">
      <subfield code="8">1.1\x</subfield>
      <subfield code="a">21</subfield>
      <subfield code="i">1977</subfield>
    </datafield>
    <datafield ind1=" " ind2=" " tag="500">
      <subfield code="a">Ersch. teils auch als Online-Ausg.</subfield>
    </datafield>
    <datafield ind1=" " ind2=" " tag="501">
      <subfield code="a">Das Gesamtwerk gliedert sich teils in ungeza hlte Unterreihen</subfield>
    </datafield>
    <datafield ind1=" " ind2=" " tag="515">
      <subfield code="a">Anfangs ohne Za hlung; unregelma ©ig</subfield>
    </datafield>
    <datafield ind1="0" ind2="8" tag="787">
      <subfield code="i">243=2; 277=3; 408=4 von</subfield>
      <subfield code="a">Bremer Wissenschaftsforum</subfield>
      <subfield code="t">Kolloquien des Bremer Wissenschaftsforums</subfield>
      <subfield code="w">(DE-600)60600-5</subfield>
      <subfield code="w">(DE-101)010536388</subfield>
    </datafield>
    <datafield ind1="0" ind2="8" tag="787">
      <subfield code="i">267=1; 268=2; 269=3; 270=4; 291=6; 288=7; 290=8; 345=9; 385=10; 467=11; 572=12; 596=13 von</subfield>
      <subfield code="t">Schwerpunktreihe Theorie und Praxis beruflicher Bildung</subfield>
      <subfield code="w">(DE-600)585843-4</subfield>
      <subfield code="w">(DE-101)013330357</subfield>
    </datafield>
    <datafield ind1="0" ind2="8" tag="787">
      <subfield code="i">303=2 von</subfield>
      <subfield code="a">China-Symposium</subfield>
      <subfield code="t">Chinasymposium</subfield>
      <subfield code="w">(DE-600)1193812-2</subfield>
      <subfield code="w">(DE-101)017209951</subfield>
    </datafield>
    <datafield ind1="0" ind2="8" tag="787">
      <subfield code="i">407=1; 393=2; 406=3; 442=4; 460=5; 486=6; 490=7; 518=8; 561=9; 554=10; 571=11; 574=12; 594=13; 648=14; 659=15 von</subfield>
      <subfield code="a">Zentrum fu r Nordamerika-Forschung &lt;Frankfurt, Main&gt;</subfield>
      <subfield code="t">Schriftenreihe des Zentrums fu r Nordamerika-Forschung (ZENAF), Universita t Frankfurt</subfield>
      <subfield code="w">(DE-600)1187799-6</subfield>
      <subfield code="w">(DE-101)01715152X</subfield>
    </datafield>
    <datafield ind1="0" ind2="8" tag="787">
      <subfield code="i">430=4 von</subfield>
      <subfield code="a">European Association for Research and Development in Higher Education</subfield>
      <subfield code="t">Proceedings of the Congress of the European Association for Research and Development in Higher Education</subfield>
      <subfield code="w">(DE-600)424168-x</subfield>
      <subfield code="w">(DE-101)012382507</subfield>
    </datafield>
    <datafield ind1="0" ind2="8" tag="787">
      <subfield code="i">461=1; 462=2; 515=3; 527=4; 593=5; 649=6; 701=7; 705=8; 738=9; 831=10 von</subfield>
      <subfield code="t">Schwerpunktreihe Marketing und Verbraucherarbeit</subfield>
      <subfield code="w">(DE-600)1030192-6</subfield>
      <subfield code="w">(DE-101)015626733</subfield>
    </datafield>
    <datafield ind1="0" ind2="8" tag="787">
      <subfield code="i">543=1 von</subfield>
      <subfield code="a">Conference on Visions of Higher Education</subfield>
      <subfield code="t">Proceedings of the Conference on Visions of Higher Education</subfield>
      <subfield code="w">(DE-600)1158568-7</subfield>
      <subfield code="w">(DE-101)016868323</subfield>
    </datafield>
    <datafield ind1="0" ind2="8" tag="787">
      <subfield code="i">544=1; 556=2; 576=3; 575=4; 600=5 von</subfield>
      <subfield code="a">Stiftung Der Private Haushalt</subfield>
      <subfield code="t">Reihe "Stiftung Der Private Haushalt"</subfield>
      <subfield code="w">(DE-600)1012026-9</subfield>
      <subfield code="w">(DE-101)015451127</subfield>
    </datafield>
    <datafield ind1="0" ind2="8" tag="787">
      <subfield code="i">597=1; 623=2; 641=3; 655=4; 651=5; 675=6; 688=7; 694=8; 695=9; 699=10; 698=11; 700=12; 719=13; 739=14; 740=15; 742=16; 759=17 von</subfield>
      <subfield code="t">Trierer Schriften zu Sozialpolitik und Sozialverwaltung</subfield>
      <subfield code="w">(DE-600)1030187-2</subfield>
      <subfield code="w">(DE-101)015626687</subfield>
    </datafield>
    <datafield ind1="0" ind2="8" tag="787">
      <subfield code="i">597=1 von</subfield>
      <subfield code="t">Schwerbehinderte und Arbeitsumwelt</subfield>
      <subfield code="w">(DE-600)1283103-7</subfield>
      <subfield code="w">(DE-101)017922887</subfield>
    </datafield>
    <datafield ind1=" " ind2=" " tag="889">
      <subfield code="w">(DE-101)550019286</subfield>
    </datafield>
    <datafield ind1="r" ind2=" " tag="925">
      <subfield code="a">ra</subfield>
    </datafield>
  </record>