<record xmlns="http://www.loc.gov/MARC21/slim" xmlns:xsi="http://www.w3.org/2001/XMLSchema-instance" xsi:schemaLocation="http://www.loc.gov/MARC21/slim http://www.loc.gov/standards/marcxml/schema/MARC21slim.xsd">
    <leader>03118nas a2200661 c 4500</leader>
    <controlfield tag="001">012634638</controlfield>
    <controlfield tag="003">DE-101</controlfield>
    <controlfield tag="005">20120208212451.0</controlfield>
    <controlfield tag="007">tu</controlfield>
    <controlfield tag="008">991119c19149999gw z||m|r ||| 0||||0ger c</controlfield>
    <datafield ind1="7" ind2=" " tag="016">
      <subfield code="2">DE-101</subfield>
      <subfield code="a">012634638</subfield>
    </datafield>
    <datafield ind1="7" ind2=" " tag="016">
      <subfield code="2">DE-600</subfield>
      <subfield code="a">503538-7</subfield>
    </datafield>
    <datafield ind1=" " ind2=" " tag="022">
      <subfield code="a">0173-0940</subfield>
    </datafield>
    <datafield ind1=" " ind2=" " tag="035">
      <subfield code="a">(DE-599)ZDB503538-7</subfield>
    </datafield>
    <datafield ind1=" " ind2=" " tag="035">
      <subfield code="a">(OCoLC)609868070</subfield>
    </datafield>
    <datafield ind1=" " ind2=" " tag="040">
      <subfield code="a">9001</subfield>
      <subfield code="b">ger</subfield>
      <subfield code="c">DE-101</subfield>
      <subfield code="d">9999</subfield>
    </datafield>
    <datafield ind1=" " ind2=" " tag="041">
      <subfield code="a">ger</subfield>
    </datafield>
    <datafield ind1=" " ind2=" " tag="044">
      <subfield code="c">XA-DE</subfield>
    </datafield>
    <datafield ind1=" " ind2=" " tag="084">
      <subfield code="a">943</subfield>
      <subfield code="q">DE-101</subfield>
      <subfield code="2">sdnb</subfield>
    </datafield>
    <datafield ind1=" " ind2=" " tag="084">
      <subfield code="a">900</subfield>
      <subfield code="a">914.3</subfield>
      <subfield code="a">943</subfield>
      <subfield code="q">DE-600</subfield>
      <subfield code="2">sdnb</subfield>
    </datafield>
    <datafield ind1="1" ind2="0" tag="245">
      <subfield code="a">Quellen und Forschungen zur Geschichte Schleswig-Holsteins</subfield>
      <subfield code="c">hrsg. von d. Gesellschaft fu r Schleswig-Holsteinische Geschichte</subfield>
    </datafield>
    <datafield ind1="3" ind2=" " tag="260">
      <subfield code="a">Neumu nster</subfield>
      <subfield code="b">Wachholtz</subfield>
    </datafield>
    <datafield ind1=" " ind2=" " tag="260">
      <subfield code="a">Leipzig</subfield>
      <subfield code="b">Haessel [in Komm.]</subfield>
      <subfield code="c">1914-1925</subfield>
    </datafield>
    <datafield ind1="0" ind2=" " tag="362">
      <subfield code="a">1.1914 - 25.1940; 26.1952 -</subfield>
    </datafield>
    <datafield ind1=" " ind2=" " tag="591">
      <subfield code="a">G/GC</subfield>
    </datafield>
    <datafield ind1="1" ind2="7" tag="600">
      <subfield code="0">(DE-588)118546694</subfield>
      <subfield code="0">(DE-101)118546694</subfield>
      <subfield code="a">Hassel, Kai-Uwe ℗von℗</subfield>
      <subfield code="d">1913-1997</subfield>
      <subfield code="2">gnd</subfield>
    </datafield>
    <datafield ind1=" " ind2="7" tag="648">
      <subfield code="a">Geschichte 1954-1963</subfield>
      <subfield code="2">gnd</subfield>
    </datafield>
    <datafield ind1=" " ind2="7" tag="648">
      <subfield code="a">Geschichte 1954-1963</subfield>
      <subfield code="2">gnd</subfield>
    </datafield>
    <datafield ind1=" " ind2="7" tag="648">
      <subfield code="a">Geschichte 1954-1963</subfield>
      <subfield code="2">gnd</subfield>
    </datafield>
    <datafield ind1=" " ind2="7" tag="650">
      <subfield code="0">(DE-588)4010878-8</subfield>
      <subfield code="0">(DE-101)040108783</subfield>
      <subfield code="a">Da nen</subfield>
      <subfield code="2">gnd</subfield>
    </datafield>
    <datafield ind1=" " ind2="7" tag="650">
      <subfield code="0">(DE-588)4170001-6</subfield>
      <subfield code="0">(DE-101)041700015</subfield>
      <subfield code="a">Minderheitenpolitik</subfield>
      <subfield code="2">gnd</subfield>
    </datafield>
    <datafield ind1=" " ind2="7" tag="650">
      <subfield code="0">(DE-588)4046514-7</subfield>
      <subfield code="0">(DE-101)040465144</subfield>
      <subfield code="a">Politik</subfield>
      <subfield code="2">gnd</subfield>
    </datafield>
    <datafield ind1=" " ind2="7" tag="650">
      <subfield code="0">(DE-588)4010878-8</subfield>
      <subfield code="0">(DE-101)040108783</subfield>
      <subfield code="a">Da nen</subfield>
      <subfield code="2">gnd</subfield>
    </datafield>
    <datafield ind1=" " ind2="7" tag="650">
      <subfield code="0">(DE-588)4170001-6</subfield>
      <subfield code="0">(DE-101)041700015</subfield>
      <subfield code="a">Minderheitenpolitik</subfield>
      <subfield code="2">gnd</subfield>
    </datafield>
    <datafield ind1=" " ind2="7" tag="651">
      <subfield code="0">(DE-588)4052692-6</subfield>
      <subfield code="0">(DE-101)040526925</subfield>
      <subfield code="a">Schleswig-Holstein</subfield>
      <subfield code="2">gnd</subfield>
    </datafield>
    <datafield ind1=" " ind2="7" tag="651">
      <subfield code="0">(DE-588)4052692-6</subfield>
      <subfield code="0">(DE-101)040526925</subfield>
      <subfield code="a">Schleswig-Holstein</subfield>
      <subfield code="2">gnd</subfield>
    </datafield>
    <datafield ind1=" " ind2="7" tag="651">
      <subfield code="0">(DE-588)4052692-6</subfield>
      <subfield code="0">(DE-101)040526925</subfield>
      <subfield code="a">Schleswig-Holstein</subfield>
      <subfield code="2">gnd</subfield>
    </datafield>
    <datafield ind1=" " ind2="7" tag="651">
      <subfield code="0">(DE-588)4010877-6</subfield>
      <subfield code="0">(DE-101)040108775</subfield>
      <subfield code="a">Da nemark</subfield>
      <subfield code="2">gnd</subfield>
    </datafield>
    <datafield ind1="0" ind2="0" tag="689">
      <subfield code="0">(DE-588)4010878-8</subfield>
      <subfield code="0">(DE-101)040108783</subfield>
      <subfield code="D">s</subfield>
      <subfield code="a">Da nen</subfield>
    </datafield>
    <datafield ind1="0" ind2="1" tag="689">
      <subfield code="0">(DE-588)4170001-6</subfield>
      <subfield code="0">(DE-101)041700015</subfield>
      <subfield code="D">s</subfield>
      <subfield code="a">Minderheitenpolitik</subfield>
    </datafield>
    <datafield ind1="0" ind2="2" tag="689">
      <subfield code="0">(DE-588)4052692-6</subfield>
      <subfield code="0">(DE-101)040526925</subfield>
      <subfield code="D">g</subfield>
      <subfield code="a">Schleswig-Holstein</subfield>
    </datafield>
    <datafield ind1="0" ind2="3" tag="689">
      <subfield code="A">z</subfield>
      <subfield code="a">Geschichte 1954-1963</subfield>
    </datafield>
    <datafield ind1="0" ind2=" " tag="689">
      <subfield code="5">DE-600</subfield>
      <subfield code="5">DE-600</subfield>
    </datafield>
    <datafield ind1="1" ind2="0" tag="689">
      <subfield code="0">(DE-588)4052692-6</subfield>
      <subfield code="0">(DE-101)040526925</subfield>
      <subfield code="D">g</subfield>
      <subfield code="a">Schleswig-Holstein</subfield>
    </datafield>
    <datafield ind1="1" ind2="1" tag="689">
      <subfield code="0">(DE-588)4046514-7</subfield>
      <subfield code="0">(DE-101)040465144</subfield>
      <subfield code="D">s</subfield>
      <subfield code="a">Politik</subfield>
    </datafield>
    <datafield ind1="1" ind2="2" tag="689">
      <subfield code="0">(DE-588)4010878-8</subfield>
      <subfield code="0">(DE-101)040108783</subfield>
      <subfield code="D">s</subfield>
      <subfield code="a">Da nen</subfield>
    </datafield>
    <datafield ind1="1" ind2="3" tag="689">
      <subfield code="A">z</subfield>
      <subfield code="a">Geschichte 1954-1963</subfield>
    </datafield>
    <datafield ind1="1" ind2=" " tag="689">
      <subfield code="5">DE-600</subfield>
      <subfield code="5">DE-600</subfield>
    </datafield>
    <datafield ind1="2" ind2="0" tag="689">
      <subfield code="0">(DE-588)118546694</subfield>
      <subfield code="0">(DE-101)118546694</subfield>
      <subfield code="D">p</subfield>
      <subfield code="a">Hassel, Kai-Uwe ℗von℗</subfield>
      <subfield code="d">1913-1997</subfield>
    </datafield>
    <datafield ind1="2" ind2="1" tag="689">
      <subfield code="0">(DE-588)4052692-6</subfield>
      <subfield code="0">(DE-101)040526925</subfield>
      <subfield code="D">g</subfield>
      <subfield code="a">Schleswig-Holstein</subfield>
    </datafield>
    <datafield ind1="2" ind2="2" tag="689">
      <subfield code="0">(DE-588)4010877-6</subfield>
      <subfield code="0">(DE-101)040108775</subfield>
      <subfield code="D">g</subfield>
      <subfield code="a">Da nemark</subfield>
    </datafield>
    <datafield ind1="2" ind2="3" tag="689">
      <subfield code="0">(DE-588)4170001-6</subfield>
      <subfield code="0">(DE-101)041700015</subfield>
      <subfield code="D">s</subfield>
      <subfield code="a">Minderheitenpolitik</subfield>
    </datafield>
    <datafield ind1="2" ind2="4" tag="689">
      <subfield code="A">z</subfield>
      <subfield code="a">Geschichte 1954-1963</subfield>
    </datafield>
    <datafield ind1="2" ind2=" " tag="689">
      <subfield code="5">DE-600</subfield>
      <subfield code="5">DE-600</subfield>
    </datafield>
    <datafield ind1="2" ind2=" " tag="710">
      <subfield code="0">(DE-588)36517-8</subfield>
      <subfield code="0">(DE-101)000365173</subfield>
      <subfield code="a">Gesellschaft fu r Schleswig-Holsteinische Geschichte</subfield>
    </datafield>
    <datafield ind1="0" ind2="0" tag="780">
      <subfield code="i">Vorg.:</subfield>
      <subfield code="a">Gesellschaft fu r Schleswig-Holsteinische Geschichte</subfield>
      <subfield code="t">Quellensammlung / Gesellschaft fu r Schleswig-Holsteinische Geschichte</subfield>
      <subfield code="w">(DE-600)503546-6</subfield>
      <subfield code="w">(DE-101)012634697</subfield>
    </datafield>
    <datafield ind1="0" ind2="8" tag="787">
      <subfield code="i">96=76 von</subfield>
      <subfield code="a">Gesellschaft fu r Kieler Stadtgeschichte</subfield>
      <subfield code="t">Mitteilungen der Gesellschaft fu r Kieler Stadtgeschichte</subfield>
      <subfield code="w">(DE-600)501262-4</subfield>
      <subfield code="w">(DE-101)012615404</subfield>
    </datafield>
    <datafield ind1=" " ind2=" " tag="889">
      <subfield code="w">(DE-101)550048588</subfield>
    </datafield>
  </record>