<record xmlns="http://www.loc.gov/MARC21/slim" xmlns:xsi="http://www.w3.org/2001/XMLSchema-instance" xsi:schemaLocation="http://www.loc.gov/MARC21/slim http://www.loc.gov/standards/marcxml/schema/MARC21slim.xsd">
    <leader>02773nas a2200601 c 4500</leader>
    <controlfield tag="001">012681385</controlfield>
    <controlfield tag="003">DE-101</controlfield>
    <controlfield tag="005">20110517154429.0</controlfield>
    <controlfield tag="007">tu</controlfield>
    <controlfield tag="008">991119c19679999gw z||m|r ||| 0||||0ger c</controlfield>
    <datafield ind1=" " ind2=" " tag="015">
      <subfield code="a">07,A26,1952</subfield>
      <subfield code="2">dnb</subfield>
    </datafield>
    <datafield ind1="7" ind2=" " tag="016">
      <subfield code="2">DE-101</subfield>
      <subfield code="a">012681385</subfield>
    </datafield>
    <datafield ind1="7" ind2=" " tag="016">
      <subfield code="2">DE-600</subfield>
      <subfield code="a">510545-6</subfield>
    </datafield>
    <datafield ind1=" " ind2=" " tag="022">
      <subfield code="a">0531-7320</subfield>
    </datafield>
    <datafield ind1=" " ind2=" " tag="035">
      <subfield code="a">(DE-599)ZDB510545-6</subfield>
    </datafield>
    <datafield ind1=" " ind2=" " tag="035">
      <subfield code="a">(OCoLC)713844458</subfield>
    </datafield>
    <datafield ind1=" " ind2=" " tag="040">
      <subfield code="a">9001</subfield>
      <subfield code="b">ger</subfield>
      <subfield code="c">DE-101</subfield>
      <subfield code="d">9999</subfield>
    </datafield>
    <datafield ind1=" " ind2=" " tag="041">
      <subfield code="a">ger</subfield>
    </datafield>
    <datafield ind1=" " ind2=" " tag="044">
      <subfield code="c">XA-DE</subfield>
      <subfield code="c">XA-CH</subfield>
      <subfield code="c">XA-AT</subfield>
    </datafield>
    <datafield ind1=" " ind2=" " tag="084">
      <subfield code="a">050</subfield>
      <subfield code="q">DE-101</subfield>
      <subfield code="2">sdnb</subfield>
    </datafield>
    <datafield ind1=" " ind2=" " tag="084">
      <subfield code="a">6,23</subfield>
      <subfield code="2">ssgn</subfield>
    </datafield>
    <datafield ind1=" " ind2=" " tag="084">
      <subfield code="a">900</subfield>
      <subfield code="q">DE-600</subfield>
      <subfield code="2">sdnb</subfield>
    </datafield>
    <datafield ind1="1" ind2="0" tag="245">
      <subfield code="a">Europa ische Hochschulschriften</subfield>
      <subfield code="b">= Publications universitaires europe ennes = European university studies</subfield>
      <subfield code="n">Reihe 3</subfield>
      <subfield code="p">Geschichte und ihre Hilfswissenschaften = Histoire, sciences auxiliaires de l'histoire = History and allied studies</subfield>
    </datafield>
    <datafield ind1="1" ind2="9" tag="246">
      <subfield code="a">Europa ische Hochschulschriften / 3</subfield>
    </datafield>
    <datafield ind1="1" ind2="3" tag="246">
      <subfield code="a">European university studies</subfield>
    </datafield>
    <datafield ind1="1" ind2="3" tag="246">
      <subfield code="a">Publications universitaires europe ennes</subfield>
    </datafield>
    <datafield ind1="1" ind2="3" tag="246">
      <subfield code="i">Nebent.</subfield>
      <subfield code="a">Pubblicazioni universitarie europee</subfield>
    </datafield>
    <datafield ind1="1" ind2="0" tag="247">
      <subfield code="a">European university papers</subfield>
      <subfield code="f">Engl. Parallelsacht. anfangs</subfield>
    </datafield>
    <datafield ind1="1" ind2="0" tag="247">
      <subfield code="a">Pubblicazioni universitarie europee</subfield>
      <subfield code="f">Ital. Parallelsacht. anfangs</subfield>
    </datafield>
    <datafield ind1="3" ind2=" " tag="260">
      <subfield code="a">Frankfurt, M.</subfield>
      <subfield code="a">Berlin</subfield>
      <subfield code="a">Bern</subfield>
      <subfield code="a">Bruxelles</subfield>
      <subfield code="a">New York, NY</subfield>
      <subfield code="a">Oxford</subfield>
      <subfield code="a">Wien</subfield>
      <subfield code="b">Lang</subfield>
    </datafield>
    <datafield ind1=" " ind2=" " tag="260">
      <subfield code="a">Bern</subfield>
      <subfield code="a">Frankfurt, M.</subfield>
      <subfield code="b">Lang</subfield>
      <subfield code="c">anfangs</subfield>
    </datafield>
    <datafield ind1="0" ind2=" " tag="362">
      <subfield code="a">Nr. 1.1967 - 177.1982; 177.1983; 178.1982 -</subfield>
    </datafield>
    <datafield ind1=" " ind2=" " tag="515">
      <subfield code="a">Nr. 177 doppelt gez.</subfield>
    </datafield>
    <datafield ind1=" " ind2="7" tag="648">
      <subfield code="a">Geschichte 1500-1600</subfield>
      <subfield code="2">gnd</subfield>
    </datafield>
    <datafield ind1=" " ind2="7" tag="650">
      <subfield code="0">(DE-588)4177741-4</subfield>
      <subfield code="0">(DE-101)041777417</subfield>
      <subfield code="a">Religionsgespra ch</subfield>
      <subfield code="2">gnd</subfield>
    </datafield>
    <datafield ind1=" " ind2="7" tag="650">
      <subfield code="0">(DE-588)4046514-7</subfield>
      <subfield code="0">(DE-101)040465144</subfield>
      <subfield code="a">Politik</subfield>
      <subfield code="2">gnd</subfield>
    </datafield>
    <datafield ind1=" " ind2="7" tag="650">
      <subfield code="0">(DE-588)4048946-2</subfield>
      <subfield code="0">(DE-101)040489469</subfield>
      <subfield code="a">Reformation</subfield>
      <subfield code="2">gnd</subfield>
    </datafield>
    <datafield ind1=" " ind2="7" tag="650">
      <subfield code="0">(DE-588)4177741-4</subfield>
      <subfield code="0">(DE-101)041777417</subfield>
      <subfield code="a">Religionsgespra ch</subfield>
      <subfield code="2">gnd</subfield>
    </datafield>
    <datafield ind1=" " ind2="7" tag="650">
      <subfield code="0">(DE-588)4177741-4</subfield>
      <subfield code="0">(DE-101)041777417</subfield>
      <subfield code="a">Religionsgespra ch</subfield>
      <subfield code="2">gnd</subfield>
    </datafield>
    <datafield ind1=" " ind2="7" tag="651">
      <subfield code="0">(DE-588)4011882-4</subfield>
      <subfield code="0">(DE-101)040118827</subfield>
      <subfield code="a">Deutschland</subfield>
      <subfield code="2">gnd</subfield>
    </datafield>
    <datafield ind1="0" ind2="0" tag="689">
      <subfield code="0">(DE-588)4177741-4</subfield>
      <subfield code="0">(DE-101)041777417</subfield>
      <subfield code="D">s</subfield>
      <subfield code="a">Religionsgespra ch</subfield>
    </datafield>
    <datafield ind1="0" ind2="1" tag="689">
      <subfield code="0">(DE-588)4046514-7</subfield>
      <subfield code="0">(DE-101)040465144</subfield>
      <subfield code="D">s</subfield>
      <subfield code="a">Politik</subfield>
    </datafield>
    <datafield ind1="0" ind2=" " tag="689">
      <subfield code="5">DE-600</subfield>
      <subfield code="5">DE-600</subfield>
    </datafield>
    <datafield ind1="1" ind2="0" tag="689">
      <subfield code="0">(DE-588)4048946-2</subfield>
      <subfield code="0">(DE-101)040489469</subfield>
      <subfield code="D">s</subfield>
      <subfield code="a">Reformation</subfield>
    </datafield>
    <datafield ind1="1" ind2="1" tag="689">
      <subfield code="0">(DE-588)4177741-4</subfield>
      <subfield code="0">(DE-101)041777417</subfield>
      <subfield code="D">s</subfield>
      <subfield code="a">Religionsgespra ch</subfield>
    </datafield>
    <datafield ind1="1" ind2=" " tag="689">
      <subfield code="5">DE-600</subfield>
      <subfield code="5">DE-600</subfield>
    </datafield>
    <datafield ind1="2" ind2="0" tag="689">
      <subfield code="0">(DE-588)4011882-4</subfield>
      <subfield code="0">(DE-101)040118827</subfield>
      <subfield code="D">g</subfield>
      <subfield code="a">Deutschland</subfield>
    </datafield>
    <datafield ind1="2" ind2="1" tag="689">
      <subfield code="0">(DE-588)4177741-4</subfield>
      <subfield code="0">(DE-101)041777417</subfield>
      <subfield code="D">s</subfield>
      <subfield code="a">Religionsgespra ch</subfield>
    </datafield>
    <datafield ind1="2" ind2="2" tag="689">
      <subfield code="A">z</subfield>
      <subfield code="a">Geschichte 1500-1600</subfield>
    </datafield>
    <datafield ind1="2" ind2=" " tag="689">
      <subfield code="5">DE-600</subfield>
      <subfield code="5">DE-600</subfield>
    </datafield>
    <datafield ind1="0" ind2="8" tag="787">
      <subfield code="i">221=1983; 279=1984 von</subfield>
      <subfield code="t">Hannoversche Beitra ge zur Geschichte des Mittleren Ostens</subfield>
      <subfield code="w">(DE-600)722451-5</subfield>
      <subfield code="w">(DE-101)013910655</subfield>
    </datafield>
    <datafield ind1=" " ind2=" " tag="889">
      <subfield code="w">(DE-101)550036237</subfield>
    </datafield>
    <datafield ind1=" " ind2=" " tag="930">
      <subfield code="l">Reihe 3</subfield>
      <subfield code="a">Geschichte und ihre Hilfswissenschaften</subfield>
      <subfield code="f">Histoire, sciences auxiliaires de l'histoire</subfield>
      <subfield code="f">History and allied studies</subfield>
    </datafield>
  </record>