<record xmlns="http://www.loc.gov/MARC21/slim" xmlns:xsi="http://www.w3.org/2001/XMLSchema-instance" xsi:schemaLocation="http://www.loc.gov/MARC21/slim http://www.loc.gov/standards/marcxml/schema/MARC21slim.xsd">
    <leader>03412nas a2200793 c 4500</leader>
    <controlfield tag="001">012681482</controlfield>
    <controlfield tag="003">DE-101</controlfield>
    <controlfield tag="005">20110517154433.0</controlfield>
    <controlfield tag="007">tu</controlfield>
    <controlfield tag="008">991119c19699999gw z||m|r ||| 0||||0ger c</controlfield>
    <datafield ind1=" " ind2=" " tag="015">
      <subfield code="a">07,A28,0863</subfield>
      <subfield code="2">dnb</subfield>
    </datafield>
    <datafield ind1="7" ind2=" " tag="016">
      <subfield code="2">DE-101</subfield>
      <subfield code="a">012681482</subfield>
    </datafield>
    <datafield ind1="7" ind2=" " tag="016">
      <subfield code="2">DE-600</subfield>
      <subfield code="a">510555-9</subfield>
    </datafield>
    <datafield ind1=" " ind2=" " tag="022">
      <subfield code="a">0531-7398</subfield>
    </datafield>
    <datafield ind1=" " ind2=" " tag="035">
      <subfield code="a">(DE-599)ZDB510555-9</subfield>
    </datafield>
    <datafield ind1=" " ind2=" " tag="035">
      <subfield code="a">(OCoLC)713844470</subfield>
    </datafield>
    <datafield ind1=" " ind2=" " tag="040">
      <subfield code="a">9001</subfield>
      <subfield code="b">ger</subfield>
      <subfield code="c">DE-101</subfield>
      <subfield code="d">9999</subfield>
    </datafield>
    <datafield ind1=" " ind2=" " tag="041">
      <subfield code="a">ger</subfield>
      <subfield code="a">eng</subfield>
      <subfield code="a">ita</subfield>
    </datafield>
    <datafield ind1=" " ind2=" " tag="044">
      <subfield code="c">XA-DE</subfield>
      <subfield code="c">XA-CH</subfield>
      <subfield code="c">XA-AT</subfield>
    </datafield>
    <datafield ind1=" " ind2=" " tag="084">
      <subfield code="a">370</subfield>
      <subfield code="q">DE-101</subfield>
      <subfield code="2">sdnb</subfield>
    </datafield>
    <datafield ind1=" " ind2=" " tag="084">
      <subfield code="a">6,23</subfield>
      <subfield code="2">ssgn</subfield>
    </datafield>
    <datafield ind1=" " ind2=" " tag="084">
      <subfield code="a">370</subfield>
      <subfield code="q">DE-600</subfield>
      <subfield code="2">sdnb</subfield>
    </datafield>
    <datafield ind1="1" ind2="0" tag="245">
      <subfield code="a">Europa ische Hochschulschriften</subfield>
      <subfield code="b">= Publications universitaires europe ennes = European university studies</subfield>
      <subfield code="n">Reihe 11</subfield>
      <subfield code="p">Pa dagogik = Pe dagogie = Education</subfield>
    </datafield>
    <datafield ind1="1" ind2="9" tag="246">
      <subfield code="a">Europa ische Hochschulschriften / 11</subfield>
    </datafield>
    <datafield ind1="1" ind2="3" tag="246">
      <subfield code="i">Nebent.</subfield>
      <subfield code="a">Pubblicazioni universitarie europee</subfield>
    </datafield>
    <datafield ind1="1" ind2="0" tag="247">
      <subfield code="a">European university papers</subfield>
      <subfield code="f">Parallelsacht. anfangs</subfield>
    </datafield>
    <datafield ind1="3" ind2=" " tag="260">
      <subfield code="a">Frankfurt, M.</subfield>
      <subfield code="a">Berlin</subfield>
      <subfield code="a">Bern</subfield>
      <subfield code="a">Bruxelles</subfield>
      <subfield code="a">New York, NY</subfield>
      <subfield code="a">Oxford</subfield>
      <subfield code="a">Wien</subfield>
      <subfield code="b">Lang</subfield>
    </datafield>
    <datafield ind1=" " ind2=" " tag="300">
      <subfield code="c">21 cm</subfield>
    </datafield>
    <datafield ind1="0" ind2=" " tag="362">
      <subfield code="a">1.1969 -</subfield>
    </datafield>
    <datafield ind1="0" ind2="1" tag="363">
      <subfield code="8">1.1\x</subfield>
      <subfield code="i">1969</subfield>
    </datafield>
    <datafield ind1=" " ind2=" " tag="515">
      <subfield code="a">Ersch. unregelma ©ig</subfield>
    </datafield>
    <datafield ind1=" " ind2="7" tag="650">
      <subfield code="0">(DE-588)4044302-4</subfield>
      <subfield code="0">(DE-101)040443027</subfield>
      <subfield code="a">Pa dagogik</subfield>
      <subfield code="2">gnd</subfield>
    </datafield>
    <datafield ind1=" " ind2="7" tag="650">
      <subfield code="0">(DE-588)4002718-1</subfield>
      <subfield code="0">(DE-101)04002718X</subfield>
      <subfield code="a">Arbeitslehre</subfield>
      <subfield code="2">gnd</subfield>
    </datafield>
    <datafield ind1=" " ind2="7" tag="650">
      <subfield code="0">(DE-588)4070157-8</subfield>
      <subfield code="0">(DE-101)040701573</subfield>
      <subfield code="a">Curriculumentwicklung</subfield>
      <subfield code="2">gnd</subfield>
    </datafield>
    <datafield ind1=" " ind2="7" tag="650">
      <subfield code="0">(DE-588)4002567-6</subfield>
      <subfield code="0">(DE-101)040025675</subfield>
      <subfield code="a">Arbeit</subfield>
      <subfield code="2">gnd</subfield>
    </datafield>
    <datafield ind1=" " ind2="7" tag="650">
      <subfield code="0">(DE-588)4059787-8</subfield>
      <subfield code="0">(DE-101)040597873</subfield>
      <subfield code="a">Theorie</subfield>
      <subfield code="2">gnd</subfield>
    </datafield>
    <datafield ind1=" " ind2="7" tag="650">
      <subfield code="0">(DE-588)4002718-1</subfield>
      <subfield code="0">(DE-101)04002718X</subfield>
      <subfield code="a">Arbeitslehre</subfield>
      <subfield code="2">gnd</subfield>
    </datafield>
    <datafield ind1=" " ind2="7" tag="650">
      <subfield code="0">(DE-588)4070463-4</subfield>
      <subfield code="0">(DE-101)040704637</subfield>
      <subfield code="a">Didaktik</subfield>
      <subfield code="2">gnd</subfield>
    </datafield>
    <datafield ind1=" " ind2="7" tag="650">
      <subfield code="0">(DE-588)4059787-8</subfield>
      <subfield code="0">(DE-101)040597873</subfield>
      <subfield code="a">Theorie</subfield>
      <subfield code="2">gnd</subfield>
    </datafield>
    <datafield ind1=" " ind2="7" tag="650">
      <subfield code="0">(DE-588)4002718-1</subfield>
      <subfield code="0">(DE-101)04002718X</subfield>
      <subfield code="a">Arbeitslehre</subfield>
      <subfield code="2">gnd</subfield>
    </datafield>
    <datafield ind1=" " ind2="7" tag="650">
      <subfield code="0">(DE-588)4070463-4</subfield>
      <subfield code="0">(DE-101)040704637</subfield>
      <subfield code="a">Didaktik</subfield>
      <subfield code="2">gnd</subfield>
    </datafield>
    <datafield ind1=" " ind2="7" tag="650">
      <subfield code="0">(DE-588)4002718-1</subfield>
      <subfield code="0">(DE-101)04002718X</subfield>
      <subfield code="a">Arbeitslehre</subfield>
      <subfield code="2">gnd</subfield>
    </datafield>
    <datafield ind1=" " ind2="7" tag="650">
      <subfield code="0">(DE-588)4070157-8</subfield>
      <subfield code="0">(DE-101)040701573</subfield>
      <subfield code="a">Curriculumentwicklung</subfield>
      <subfield code="2">gnd</subfield>
    </datafield>
    <datafield ind1=" " ind2="7" tag="650">
      <subfield code="0">(DE-588)4002718-1</subfield>
      <subfield code="0">(DE-101)04002718X</subfield>
      <subfield code="a">Arbeitslehre</subfield>
      <subfield code="2">gnd</subfield>
    </datafield>
    <datafield ind1=" " ind2="7" tag="650">
      <subfield code="0">(DE-588)4002567-6</subfield>
      <subfield code="0">(DE-101)040025675</subfield>
      <subfield code="a">Arbeit</subfield>
      <subfield code="2">gnd</subfield>
    </datafield>
    <datafield ind1="0" ind2="0" tag="689">
      <subfield code="0">(DE-588)4044302-4</subfield>
      <subfield code="0">(DE-101)040443027</subfield>
      <subfield code="D">s</subfield>
      <subfield code="a">Pa dagogik</subfield>
    </datafield>
    <datafield ind1="0" ind2=" " tag="689">
      <subfield code="5">DE-600</subfield>
      <subfield code="5">DE-600</subfield>
    </datafield>
    <datafield ind1="1" ind2="0" tag="689">
      <subfield code="0">(DE-588)4002718-1</subfield>
      <subfield code="0">(DE-101)04002718X</subfield>
      <subfield code="D">s</subfield>
      <subfield code="a">Arbeitslehre</subfield>
    </datafield>
    <datafield ind1="1" ind2="1" tag="689">
      <subfield code="0">(DE-588)4070157-8</subfield>
      <subfield code="0">(DE-101)040701573</subfield>
      <subfield code="D">s</subfield>
      <subfield code="a">Curriculumentwicklung</subfield>
    </datafield>
    <datafield ind1="1" ind2="2" tag="689">
      <subfield code="0">(DE-588)4002567-6</subfield>
      <subfield code="0">(DE-101)040025675</subfield>
      <subfield code="D">s</subfield>
      <subfield code="a">Arbeit</subfield>
    </datafield>
    <datafield ind1="1" ind2="3" tag="689">
      <subfield code="0">(DE-588)4059787-8</subfield>
      <subfield code="0">(DE-101)040597873</subfield>
      <subfield code="D">s</subfield>
      <subfield code="a">Theorie</subfield>
    </datafield>
    <datafield ind1="1" ind2=" " tag="689">
      <subfield code="5">DE-600</subfield>
      <subfield code="5">DE-600</subfield>
    </datafield>
    <datafield ind1="2" ind2="0" tag="689">
      <subfield code="0">(DE-588)4002718-1</subfield>
      <subfield code="0">(DE-101)04002718X</subfield>
      <subfield code="D">s</subfield>
      <subfield code="a">Arbeitslehre</subfield>
    </datafield>
    <datafield ind1="2" ind2="1" tag="689">
      <subfield code="0">(DE-588)4070463-4</subfield>
      <subfield code="0">(DE-101)040704637</subfield>
      <subfield code="D">s</subfield>
      <subfield code="a">Didaktik</subfield>
    </datafield>
    <datafield ind1="2" ind2="2" tag="689">
      <subfield code="0">(DE-588)4059787-8</subfield>
      <subfield code="0">(DE-101)040597873</subfield>
      <subfield code="D">s</subfield>
      <subfield code="a">Theorie</subfield>
    </datafield>
    <datafield ind1="2" ind2=" " tag="689">
      <subfield code="5">DE-600</subfield>
      <subfield code="5">DE-600</subfield>
    </datafield>
    <datafield ind1="3" ind2="0" tag="689">
      <subfield code="0">(DE-588)4002718-1</subfield>
      <subfield code="0">(DE-101)04002718X</subfield>
      <subfield code="D">s</subfield>
      <subfield code="a">Arbeitslehre</subfield>
    </datafield>
    <datafield ind1="3" ind2="1" tag="689">
      <subfield code="0">(DE-588)4070463-4</subfield>
      <subfield code="0">(DE-101)040704637</subfield>
      <subfield code="D">s</subfield>
      <subfield code="a">Didaktik</subfield>
    </datafield>
    <datafield ind1="3" ind2=" " tag="689">
      <subfield code="5">DE-600</subfield>
      <subfield code="5">DE-600</subfield>
    </datafield>
    <datafield ind1="4" ind2="0" tag="689">
      <subfield code="0">(DE-588)4002718-1</subfield>
      <subfield code="0">(DE-101)04002718X</subfield>
      <subfield code="D">s</subfield>
      <subfield code="a">Arbeitslehre</subfield>
    </datafield>
    <datafield ind1="4" ind2="1" tag="689">
      <subfield code="0">(DE-588)4070157-8</subfield>
      <subfield code="0">(DE-101)040701573</subfield>
      <subfield code="D">s</subfield>
      <subfield code="a">Curriculumentwicklung</subfield>
    </datafield>
    <datafield ind1="4" ind2=" " tag="689">
      <subfield code="5">DE-600</subfield>
      <subfield code="5">DE-600</subfield>
    </datafield>
    <datafield ind1="5" ind2="0" tag="689">
      <subfield code="0">(DE-588)4002718-1</subfield>
      <subfield code="0">(DE-101)04002718X</subfield>
      <subfield code="D">s</subfield>
      <subfield code="a">Arbeitslehre</subfield>
    </datafield>
    <datafield ind1="5" ind2=" " tag="689">
      <subfield code="5">DE-600</subfield>
      <subfield code="5">DE-600</subfield>
    </datafield>
    <datafield ind1="6" ind2="0" tag="689">
      <subfield code="0">(DE-588)4002567-6</subfield>
      <subfield code="0">(DE-101)040025675</subfield>
      <subfield code="D">s</subfield>
      <subfield code="a">Arbeit</subfield>
    </datafield>
    <datafield ind1="6" ind2=" " tag="689">
      <subfield code="5">DE-600</subfield>
      <subfield code="5">DE-600</subfield>
    </datafield>
    <datafield ind1=" " ind2=" " tag="889">
      <subfield code="w">(DE-101)550036202</subfield>
    </datafield>
    <datafield ind1="r" ind2=" " tag="925">
      <subfield code="a">ra</subfield>
    </datafield>
    <datafield ind1=" " ind2=" " tag="930">
      <subfield code="l">Reihe 11</subfield>
      <subfield code="a">Pa dagogik</subfield>
      <subfield code="f">Pe dagogie</subfield>
      <subfield code="f">Education</subfield>
    </datafield>
  </record>