<record xmlns="http://www.loc.gov/MARC21/slim" xmlns:xsi="http://www.w3.org/2001/XMLSchema-instance" xsi:schemaLocation="http://www.loc.gov/MARC21/slim http://www.loc.gov/standards/marcxml/schema/MARC21slim.xsd">
    <leader>01074nas a2200301 c 4500</leader>
    <controlfield tag="001">012798010</controlfield>
    <controlfield tag="003">DE-101</controlfield>
    <controlfield tag="005">20100309043735.0</controlfield>
    <controlfield tag="007">tu</controlfield>
    <controlfield tag="008">991119c19759999gw u||m|r ||| 0||||0ger c</controlfield>
    <datafield ind1=" " ind2=" " tag="015">
      <subfield code="a">08,A14,0253</subfield>
      <subfield code="2">dnb</subfield>
    </datafield>
    <datafield ind1="7" ind2=" " tag="016">
      <subfield code="2">DE-101</subfield>
      <subfield code="a">012798010</subfield>
    </datafield>
    <datafield ind1="7" ind2=" " tag="016">
      <subfield code="2">DE-600</subfield>
      <subfield code="a">526016-4</subfield>
    </datafield>
    <datafield ind1=" " ind2=" " tag="035">
      <subfield code="a">(DE-599)ZDB526016-4</subfield>
    </datafield>
    <datafield ind1=" " ind2=" " tag="035">
      <subfield code="a">(OCoLC)310973673</subfield>
    </datafield>
    <datafield ind1=" " ind2=" " tag="040">
      <subfield code="a">9001</subfield>
      <subfield code="b">ger</subfield>
      <subfield code="c">DE-101</subfield>
      <subfield code="d">9999</subfield>
    </datafield>
    <datafield ind1=" " ind2=" " tag="041">
      <subfield code="a">ger</subfield>
    </datafield>
    <datafield ind1=" " ind2=" " tag="044">
      <subfield code="c">XA-DE</subfield>
    </datafield>
    <datafield ind1=" " ind2=" " tag="084">
      <subfield code="a">230</subfield>
      <subfield code="a">943</subfield>
      <subfield code="q">DE-101</subfield>
      <subfield code="2">sdnb</subfield>
    </datafield>
    <datafield ind1=" " ind2=" " tag="084">
      <subfield code="a">230</subfield>
      <subfield code="a">940</subfield>
      <subfield code="q">DE-600</subfield>
      <subfield code="2">sdnb</subfield>
    </datafield>
    <datafield ind1="1" ind2="0" tag="245">
      <subfield code="a">Arbeiten zur kirchlichen Zeitgeschichte</subfield>
      <subfield code="b">AKIZ</subfield>
      <subfield code="n">Reihe B, Darstellungen</subfield>
      <subfield code="c">hrsg. im Auftr. d. Evangelischen Arbeitsgemeinschaft fu r Kirchliche Zeitgeschichte, Evangelische Kirche in Deutschland</subfield>
    </datafield>
    <datafield ind1="1" ind2="9" tag="246">
      <subfield code="a">Arbeiten zur kirchlichen Zeitgeschichte / B</subfield>
    </datafield>
    <datafield ind1="1" ind2="3" tag="246">
      <subfield code="a">AKIZ</subfield>
    </datafield>
    <datafield ind1="3" ind2=" " tag="260">
      <subfield code="a">Go ttingen</subfield>
      <subfield code="b">Vandenhoeck &amp; Ruprecht</subfield>
    </datafield>
    <datafield ind1="0" ind2=" " tag="362">
      <subfield code="a">1.1975 -</subfield>
    </datafield>
    <datafield ind1="2" ind2=" " tag="710">
      <subfield code="0">(DE-588)2029648-4</subfield>
      <subfield code="0">(DE-101)004860985</subfield>
      <subfield code="a">Evangelische Kirche in Deutschland</subfield>
      <subfield code="b">Arbeitsgemeinschaft fu r Kirchliche Zeitgeschichte</subfield>
    </datafield>
    <datafield ind1=" " ind2=" " tag="889">
      <subfield code="w">(DE-101)550015590</subfield>
    </datafield>
    <datafield ind1=" " ind2=" " tag="930">
      <subfield code="r">Reihe B, Darstellungen</subfield>
    </datafield>
  </record>