<record xmlns="http://www.loc.gov/MARC21/slim" xmlns:xsi="http://www.w3.org/2001/XMLSchema-instance" xsi:schemaLocation="http://www.loc.gov/MARC21/slim http://www.loc.gov/standards/marcxml/schema/MARC21slim.xsd">
    <leader>01144nas a2200385 c 4500</leader>
    <controlfield tag="001">012855219</controlfield>
    <controlfield tag="003">DE-101</controlfield>
    <controlfield tag="005">20120727162534.0</controlfield>
    <controlfield tag="007">tu</controlfield>
    <controlfield tag="008">991119c19359999gw z||m|r ||| 0||||0ger c</controlfield>
    <datafield ind1=" " ind2=" " tag="015">
      <subfield code="a">07,A27,1222</subfield>
      <subfield code="2">dnb</subfield>
    </datafield>
    <datafield ind1="7" ind2=" " tag="016">
      <subfield code="2">DE-101</subfield>
      <subfield code="a">012855219</subfield>
    </datafield>
    <datafield ind1="7" ind2=" " tag="016">
      <subfield code="2">DE-600</subfield>
      <subfield code="a">532091-4</subfield>
    </datafield>
    <datafield ind1=" " ind2=" " tag="022">
      <subfield code="a">0080-7214</subfield>
    </datafield>
    <datafield ind1=" " ind2=" " tag="035">
      <subfield code="a">(DE-599)ZDB532091-4</subfield>
    </datafield>
    <datafield ind1=" " ind2=" " tag="035">
      <subfield code="a">(OCoLC)713390919</subfield>
    </datafield>
    <datafield ind1=" " ind2=" " tag="040">
      <subfield code="a">9001</subfield>
      <subfield code="b">ger</subfield>
      <subfield code="c">DE-101</subfield>
      <subfield code="d">1240</subfield>
    </datafield>
    <datafield ind1=" " ind2=" " tag="041">
      <subfield code="a">ger</subfield>
      <subfield code="a">eng</subfield>
    </datafield>
    <datafield ind1=" " ind2=" " tag="044">
      <subfield code="c">XA-DE</subfield>
      <subfield code="c">XA-CH</subfield>
    </datafield>
    <datafield ind1=" " ind2=" " tag="084">
      <subfield code="a">820</subfield>
      <subfield code="q">DE-101</subfield>
      <subfield code="2">sdnb</subfield>
    </datafield>
    <datafield ind1=" " ind2=" " tag="084">
      <subfield code="a">820</subfield>
      <subfield code="q">DE-600</subfield>
      <subfield code="2">sdnb</subfield>
    </datafield>
    <datafield ind1="1" ind2="0" tag="245">
      <subfield code="a">Schweizer anglistische Arbeiten</subfield>
      <subfield code="b">= Swiss studies in English</subfield>
      <subfield code="c">begr. von Bernhard Fehr</subfield>
    </datafield>
    <datafield ind1="1" ind2="0" tag="247">
      <subfield code="a">SAA</subfield>
      <subfield code="f">Nebent. teils.</subfield>
    </datafield>
    <datafield ind1="3" ind2=" " tag="260">
      <subfield code="a">Tu bingen</subfield>
      <subfield code="b">Francke</subfield>
    </datafield>
    <datafield ind1=" " ind2=" " tag="260">
      <subfield code="a">Zu rich</subfield>
      <subfield code="a">Leipzig</subfield>
      <subfield code="b">Niehans</subfield>
      <subfield code="c">1936-1938</subfield>
    </datafield>
    <datafield ind1=" " ind2=" " tag="260">
      <subfield code="a">Bern</subfield>
      <subfield code="b">Francke</subfield>
      <subfield code="c">1938-1988</subfield>
    </datafield>
    <datafield ind1=" " ind2=" " tag="260">
      <subfield code="a">Tu bingen</subfield>
      <subfield code="a">Basel</subfield>
      <subfield code="b">Francke</subfield>
      <subfield code="c">1992-2000</subfield>
    </datafield>
    <datafield ind1=" " ind2=" " tag="300">
      <subfield code="c">23 cm</subfield>
    </datafield>
    <datafield ind1="0" ind2=" " tag="362">
      <subfield code="a">1.1936; 2.1935 -</subfield>
    </datafield>
    <datafield ind1="0" ind2="0" tag="363">
      <subfield code="8">1.1\x</subfield>
      <subfield code="a">1</subfield>
      <subfield code="i">1936</subfield>
    </datafield>
    <datafield ind1="0" ind2="1" tag="363">
      <subfield code="8">2.1\x</subfield>
      <subfield code="a">2</subfield>
      <subfield code="i">1935</subfield>
    </datafield>
    <datafield ind1=" " ind2=" " tag="515">
      <subfield code="a">Ersch. unregelma ©ig</subfield>
    </datafield>
    <datafield ind1="1" ind2=" " tag="700">
      <subfield code="0">(DE-588)118683209</subfield>
      <subfield code="0">(DE-101)118683209</subfield>
      <subfield code="a">Fehr, Bernhard</subfield>
      <subfield code="d">1876-1938</subfield>
      <subfield code="4">ant</subfield>
      <subfield code="e">Begr.</subfield>
    </datafield>
    <datafield ind1=" " ind2=" " tag="889">
      <subfield code="w">(DE-101)550113665</subfield>
    </datafield>
    <datafield ind1="r" ind2=" " tag="925">
      <subfield code="a">ra</subfield>
    </datafield>
  </record>