<record xmlns="http://www.loc.gov/MARC21/slim" xmlns:xsi="http://www.w3.org/2001/XMLSchema-instance" xsi:schemaLocation="http://www.loc.gov/MARC21/slim http://www.loc.gov/standards/marcxml/schema/MARC21slim.xsd">
    <leader>01026nas a2200385 c 4500</leader>
    <controlfield tag="001">012952532</controlfield>
    <controlfield tag="003">DE-101</controlfield>
    <controlfield tag="005">20120307134856.0</controlfield>
    <controlfield tag="007">tu</controlfield>
    <controlfield tag="008">991119c19679999gw z||m|r ||| 0||||0ger c</controlfield>
    <datafield ind1=" " ind2=" " tag="015">
      <subfield code="a">07,A39,0817</subfield>
      <subfield code="2">dnb</subfield>
    </datafield>
    <datafield ind1="7" ind2=" " tag="016">
      <subfield code="2">DE-101</subfield>
      <subfield code="a">012952532</subfield>
    </datafield>
    <datafield ind1="7" ind2=" " tag="016">
      <subfield code="2">DE-600</subfield>
      <subfield code="a">542672-8</subfield>
    </datafield>
    <datafield ind1=" " ind2=" " tag="022">
      <subfield code="a">0512-0322</subfield>
    </datafield>
    <datafield ind1=" " ind2=" " tag="035">
      <subfield code="a">(DE-599)ZDB542672-8</subfield>
    </datafield>
    <datafield ind1=" " ind2=" " tag="035">
      <subfield code="a">(OCoLC)84218476</subfield>
    </datafield>
    <datafield ind1=" " ind2=" " tag="040">
      <subfield code="a">9001</subfield>
      <subfield code="b">ger</subfield>
      <subfield code="c">DE-101</subfield>
      <subfield code="d">1240</subfield>
    </datafield>
    <datafield ind1=" " ind2=" " tag="041">
      <subfield code="a">ger</subfield>
    </datafield>
    <datafield ind1=" " ind2=" " tag="044">
      <subfield code="c">XA-DE</subfield>
    </datafield>
    <datafield ind1=" " ind2=" " tag="084">
      <subfield code="a">340</subfield>
      <subfield code="q">DE-101</subfield>
      <subfield code="2">sdnb</subfield>
    </datafield>
    <datafield ind1=" " ind2=" " tag="084">
      <subfield code="a">2</subfield>
      <subfield code="2">ssgn</subfield>
    </datafield>
    <datafield ind1=" " ind2=" " tag="084">
      <subfield code="a">340</subfield>
      <subfield code="q">DE-600</subfield>
      <subfield code="2">sdnb</subfield>
    </datafield>
    <datafield ind1="1" ind2="0" tag="245">
      <subfield code="a">Wirtschaftsrecht und Wirtschaftspolitik</subfield>
    </datafield>
    <datafield ind1="3" ind2=" " tag="260">
      <subfield code="a">Baden-Baden</subfield>
      <subfield code="b">Nomos</subfield>
    </datafield>
    <datafield ind1=" " ind2=" " tag="260">
      <subfield code="a">Bad Homburg v.d.H.</subfield>
      <subfield code="b">Gehlen</subfield>
      <subfield code="c">1967-1970</subfield>
    </datafield>
    <datafield ind1=" " ind2=" " tag="260">
      <subfield code="a">Frankfurt, M.</subfield>
      <subfield code="b">Athena um-Verl.</subfield>
      <subfield code="c">1971-1974</subfield>
    </datafield>
    <datafield ind1=" " ind2=" " tag="260">
      <subfield code="a">Baden-Baden</subfield>
      <subfield code="b">Nomos-Verl.-Ges.</subfield>
      <subfield code="c">1974-2004</subfield>
    </datafield>
    <datafield ind1=" " ind2=" " tag="260">
      <subfield code="a">Zu rich</subfield>
      <subfield code="b">Schulhess</subfield>
      <subfield code="c">teils</subfield>
    </datafield>
    <datafield ind1=" " ind2=" " tag="300">
      <subfield code="c">23 cm</subfield>
    </datafield>
    <datafield ind1="0" ind2=" " tag="362">
      <subfield code="a">1.1967 -</subfield>
    </datafield>
    <datafield ind1="0" ind2="1" tag="363">
      <subfield code="8">1.1\x</subfield>
      <subfield code="a">1</subfield>
      <subfield code="i">1967</subfield>
    </datafield>
    <datafield ind1=" " ind2=" " tag="515">
      <subfield code="a">Ersch. unregelma ©ig</subfield>
    </datafield>
    <datafield ind1=" " ind2=" " tag="591">
      <subfield code="a">G/C</subfield>
    </datafield>
    <datafield ind1=" " ind2=" " tag="889">
      <subfield code="w">(DE-101)550059172</subfield>
    </datafield>
    <datafield ind1="r" ind2=" " tag="925">
      <subfield code="a">ra</subfield>
    </datafield>
  </record>