<record xmlns="http://www.loc.gov/MARC21/slim" xmlns:xsi="http://www.w3.org/2001/XMLSchema-instance" xsi:schemaLocation="http://www.loc.gov/MARC21/slim http://www.loc.gov/standards/marcxml/schema/MARC21slim.xsd">
    <leader>02691nas a2200601 c 4500</leader>
    <controlfield tag="001">013204831</controlfield>
    <controlfield tag="003">DE-101</controlfield>
    <controlfield tag="005">20120903134431.0</controlfield>
    <controlfield tag="007">tu</controlfield>
    <controlfield tag="008">991119c19789999gw z||m|r ||| 0||||0ger c</controlfield>
    <datafield ind1=" " ind2=" " tag="015">
      <subfield code="a">07,A46,0743</subfield>
      <subfield code="2">dnb</subfield>
    </datafield>
    <datafield ind1="7" ind2=" " tag="016">
      <subfield code="2">DE-101</subfield>
      <subfield code="a">013204831</subfield>
    </datafield>
    <datafield ind1="7" ind2=" " tag="016">
      <subfield code="2">DE-600</subfield>
      <subfield code="a">569886-8</subfield>
    </datafield>
    <datafield ind1=" " ind2=" " tag="022">
      <subfield code="a">0720-1273</subfield>
    </datafield>
    <datafield ind1=" " ind2=" " tag="035">
      <subfield code="a">(DE-599)ZDB569886-8</subfield>
    </datafield>
    <datafield ind1=" " ind2=" " tag="035">
      <subfield code="a">(OCoLC)705098963</subfield>
    </datafield>
    <datafield ind1=" " ind2=" " tag="040">
      <subfield code="a">9001</subfield>
      <subfield code="b">ger</subfield>
      <subfield code="c">DE-101</subfield>
      <subfield code="d">0005</subfield>
    </datafield>
    <datafield ind1=" " ind2=" " tag="041">
      <subfield code="a">ger</subfield>
    </datafield>
    <datafield ind1=" " ind2=" " tag="044">
      <subfield code="c">XA-DE</subfield>
    </datafield>
    <datafield ind1=" " ind2=" " tag="084">
      <subfield code="a">550</subfield>
      <subfield code="a">620</subfield>
      <subfield code="q">DE-101</subfield>
      <subfield code="2">sdnb</subfield>
    </datafield>
    <datafield ind1=" " ind2=" " tag="084">
      <subfield code="a">690</subfield>
      <subfield code="q">DE-600</subfield>
      <subfield code="2">sdnb</subfield>
    </datafield>
    <datafield ind1=" " ind2=" " tag="090">
      <subfield code="n">fp</subfield>
    </datafield>
    <datafield ind1="2" ind2=" " tag="110">
      <subfield code="0">(DE-588)1086444-1</subfield>
      <subfield code="0">(DE-101)004395999</subfield>
      <subfield code="a">Institut fu r Wasserwesen</subfield>
      <subfield code="g">Neubiberg</subfield>
      <subfield code="4">aut</subfield>
    </datafield>
    <datafield ind1="1" ind2="0" tag="245">
      <subfield code="a">Mitteilungen / Universita t der Bundeswehr, Mu nchen, Institut fu r Wasserwesen</subfield>
    </datafield>
    <datafield ind1="1" ind2="3" tag="246">
      <subfield code="a">Ta tigkeitsbericht</subfield>
    </datafield>
    <datafield ind1="1" ind2="0" tag="247">
      <subfield code="a">Mitteilungen aus dem Institut fu r Wasserwesen</subfield>
      <subfield code="f">Hauptsacht. anfangs</subfield>
    </datafield>
    <datafield ind1="1" ind2="0" tag="247">
      <subfield code="a">Heft / Institut fu r Wasserwesen</subfield>
      <subfield code="f">Hauptsacht. 56.1996</subfield>
    </datafield>
    <datafield ind1="1" ind2="0" tag="247">
      <subfield code="a">Mitteilungen // Universita t der Bundeswehr Mu nchen, Institut fu r Wasserwesen, Siedlungswasserwirtschaft und Abfalltechnik</subfield>
      <subfield code="f">Hauptsacht. teils</subfield>
    </datafield>
    <datafield ind1="3" ind2=" " tag="260">
      <subfield code="a">Aachen</subfield>
      <subfield code="b">Shaker</subfield>
    </datafield>
    <datafield ind1=" " ind2=" " tag="260">
      <subfield code="a">Mu nchen</subfield>
      <subfield code="b">Oldenbourg-Industrieverl.</subfield>
      <subfield code="c">fru her</subfield>
    </datafield>
    <datafield ind1=" " ind2=" " tag="260">
      <subfield code="a">Neubiberg</subfield>
      <subfield code="b">Inst. fu r Wasserwesen</subfield>
      <subfield code="c">1978-1999</subfield>
    </datafield>
    <datafield ind1="0" ind2=" " tag="362">
      <subfield code="a">H. 1.1978 -</subfield>
    </datafield>
    <datafield ind1=" " ind2=" " tag="500">
      <subfield code="a">Ersch. teils auch als Online-Ausg.</subfield>
    </datafield>
    <datafield ind1=" " ind2=" " tag="501">
      <subfield code="a">Darin teils: Ta tigkeitsbericht / Institut fu r Wasserwesen</subfield>
    </datafield>
    <datafield ind1=" " ind2=" " tag="515">
      <subfield code="a">Ersch. unregelma ©ig</subfield>
    </datafield>
    <datafield ind1=" " ind2=" " tag="550">
      <subfield code="a">Beteil. Ko rp. anfangs: Hochschule der Bundeswehr Mu nchen</subfield>
    </datafield>
    <datafield ind1=" " ind2=" " tag="591">
      <subfield code="a">(Ablage)</subfield>
    </datafield>
    <datafield ind1="1" ind2="7" tag="610">
      <subfield code="0">(DE-588)1086444-1</subfield>
      <subfield code="0">(DE-101)004395999</subfield>
      <subfield code="a">Institut fu r Wasserwesen</subfield>
      <subfield code="g">Neubiberg</subfield>
      <subfield code="2">gnd</subfield>
    </datafield>
    <datafield ind1=" " ind2="7" tag="650">
      <subfield code="0">(DE-588)4064821-7</subfield>
      <subfield code="0">(DE-101)040648214</subfield>
      <subfield code="a">Wasserwirtschaft</subfield>
      <subfield code="2">gnd</subfield>
    </datafield>
    <datafield ind1=" " ind2="7" tag="650">
      <subfield code="0">(DE-588)4143413-4</subfield>
      <subfield code="0">(DE-101)041434137</subfield>
      <subfield code="a">Aufsatzsammlung</subfield>
      <subfield code="2">gnd</subfield>
    </datafield>
    <datafield ind1=" " ind2="7" tag="650">
      <subfield code="0">(DE-588)4064745-6</subfield>
      <subfield code="0">(DE-101)040647455</subfield>
      <subfield code="a">Wasserkraftwerk</subfield>
      <subfield code="2">gnd</subfield>
    </datafield>
    <datafield ind1=" " ind2="7" tag="650">
      <subfield code="0">(DE-588)4143413-4</subfield>
      <subfield code="0">(DE-101)041434137</subfield>
      <subfield code="a">Aufsatzsammlung</subfield>
      <subfield code="2">gnd</subfield>
    </datafield>
    <datafield ind1="0" ind2="0" tag="689">
      <subfield code="0">(DE-588)1086444-1</subfield>
      <subfield code="0">(DE-101)004395999</subfield>
      <subfield code="D">b</subfield>
      <subfield code="a">Institut fu r Wasserwesen</subfield>
      <subfield code="g">Neubiberg</subfield>
    </datafield>
    <datafield ind1="0" ind2=" " tag="689">
      <subfield code="5">DE-600</subfield>
      <subfield code="5">DE-600</subfield>
    </datafield>
    <datafield ind1="1" ind2="0" tag="689">
      <subfield code="0">(DE-588)4064821-7</subfield>
      <subfield code="0">(DE-101)040648214</subfield>
      <subfield code="D">s</subfield>
      <subfield code="a">Wasserwirtschaft</subfield>
    </datafield>
    <datafield ind1="1" ind2="1" tag="689">
      <subfield code="0">(DE-588)4143413-4</subfield>
      <subfield code="0">(DE-101)041434137</subfield>
      <subfield code="D">s</subfield>
      <subfield code="a">Aufsatzsammlung</subfield>
    </datafield>
    <datafield ind1="1" ind2=" " tag="689">
      <subfield code="5">DE-600</subfield>
      <subfield code="5">DE-600</subfield>
    </datafield>
    <datafield ind1="2" ind2="0" tag="689">
      <subfield code="0">(DE-588)4064745-6</subfield>
      <subfield code="0">(DE-101)040647455</subfield>
      <subfield code="D">s</subfield>
      <subfield code="a">Wasserkraftwerk</subfield>
    </datafield>
    <datafield ind1="2" ind2="1" tag="689">
      <subfield code="0">(DE-588)4143413-4</subfield>
      <subfield code="0">(DE-101)041434137</subfield>
      <subfield code="D">s</subfield>
      <subfield code="a">Aufsatzsammlung</subfield>
    </datafield>
    <datafield ind1="2" ind2=" " tag="689">
      <subfield code="5">DE-600</subfield>
      <subfield code="5">DE-600</subfield>
    </datafield>
    <datafield ind1="0" ind2="8" tag="787">
      <subfield code="i">Einzelne Bd. zugl. Bd. von</subfield>
      <subfield code="a">Wasserwirtschaftliches Kolloquium</subfield>
      <subfield code="t">Wasserwirtschaftliches Kolloquium / Institut fu r Wasserwesen, Universita t der Bundeswehr, Mu nchen</subfield>
      <subfield code="w">(DE-600)1188648-1</subfield>
      <subfield code="w">(DE-101)017159725</subfield>
    </datafield>
    <datafield ind1=" " ind2=" " tag="889">
      <subfield code="w">(DE-101)550553533</subfield>
    </datafield>
    <datafield ind1="r" ind2=" " tag="925">
      <subfield code="a">ra</subfield>
    </datafield>
  </record>