<record xmlns="http://www.loc.gov/MARC21/slim" xmlns:xsi="http://www.w3.org/2001/XMLSchema-instance" xsi:schemaLocation="http://www.loc.gov/MARC21/slim http://www.loc.gov/standards/marcxml/schema/MARC21slim.xsd">
    <leader>00859nas a2200325 c 4500</leader>
    <controlfield tag="001">013325590</controlfield>
    <controlfield tag="003">DE-101</controlfield>
    <controlfield tag="005">20120424153546.0</controlfield>
    <controlfield tag="007">tu</controlfield>
    <controlfield tag="008">991120c19829999gw z||m|r ||| 0||||0ger c</controlfield>
    <datafield ind1=" " ind2=" " tag="015">
      <subfield code="a">08,A17,0466</subfield>
      <subfield code="2">dnb</subfield>
    </datafield>
    <datafield ind1="7" ind2=" " tag="016">
      <subfield code="2">DE-101</subfield>
      <subfield code="a">013325590</subfield>
    </datafield>
    <datafield ind1="7" ind2=" " tag="016">
      <subfield code="2">DE-600</subfield>
      <subfield code="a">585170-1</subfield>
    </datafield>
    <datafield ind1=" " ind2=" " tag="022">
      <subfield code="a">0721-3085</subfield>
    </datafield>
    <datafield ind1=" " ind2=" " tag="035">
      <subfield code="a">(DE-599)ZDB585170-1</subfield>
    </datafield>
    <datafield ind1=" " ind2=" " tag="035">
      <subfield code="a">(OCoLC)611290945</subfield>
    </datafield>
    <datafield ind1=" " ind2=" " tag="040">
      <subfield code="a">9001</subfield>
      <subfield code="b">ger</subfield>
      <subfield code="c">DE-101</subfield>
      <subfield code="d">1240</subfield>
    </datafield>
    <datafield ind1=" " ind2=" " tag="041">
      <subfield code="a">ger</subfield>
    </datafield>
    <datafield ind1=" " ind2=" " tag="044">
      <subfield code="c">XA-DE</subfield>
      <subfield code="c">XA-CH</subfield>
      <subfield code="c">XA-AT</subfield>
    </datafield>
    <datafield ind1=" " ind2=" " tag="084">
      <subfield code="a">330</subfield>
      <subfield code="q">DE-101</subfield>
      <subfield code="2">sdnb</subfield>
    </datafield>
    <datafield ind1=" " ind2=" " tag="084">
      <subfield code="a">330</subfield>
      <subfield code="q">DE-600</subfield>
      <subfield code="2">sdnb</subfield>
    </datafield>
    <datafield ind1="1" ind2="0" tag="245">
      <subfield code="a">Hohenheimer volkswirtschaftliche Schriften</subfield>
    </datafield>
    <datafield ind1="3" ind2=" " tag="260">
      <subfield code="a">Frankfurt, M.</subfield>
      <subfield code="a">Berlin</subfield>
      <subfield code="a">Bern</subfield>
      <subfield code="a">Bruxelles</subfield>
      <subfield code="a">New York, NY</subfield>
      <subfield code="a">Oxford</subfield>
      <subfield code="a">Wien</subfield>
      <subfield code="b">Lang</subfield>
    </datafield>
    <datafield ind1=" " ind2=" " tag="300">
      <subfield code="c">22 cm</subfield>
    </datafield>
    <datafield ind1="0" ind2=" " tag="362">
      <subfield code="a">1.1982 -</subfield>
    </datafield>
    <datafield ind1="0" ind2="1" tag="363">
      <subfield code="8">1.1\x</subfield>
      <subfield code="a">1</subfield>
      <subfield code="i">1982</subfield>
    </datafield>
    <datafield ind1=" " ind2=" " tag="515">
      <subfield code="a">Ersch. unregelma ©ig</subfield>
    </datafield>
    <datafield ind1=" " ind2=" " tag="591">
      <subfield code="a">C</subfield>
    </datafield>
    <datafield ind1=" " ind2=" " tag="889">
      <subfield code="w">(DE-101)550067728</subfield>
    </datafield>
    <datafield ind1="r" ind2=" " tag="925">
      <subfield code="a">ra</subfield>
    </datafield>
  </record>