<record xmlns="http://www.loc.gov/MARC21/slim" xmlns:xsi="http://www.w3.org/2001/XMLSchema-instance" xsi:schemaLocation="http://www.loc.gov/MARC21/slim http://www.loc.gov/standards/marcxml/schema/MARC21slim.xsd">
    <leader>01343nas a2200361 c 4500</leader>
    <controlfield tag="001">015245144</controlfield>
    <controlfield tag="003">DE-101</controlfield>
    <controlfield tag="005">20120801112746.0</controlfield>
    <controlfield tag="007">tu</controlfield>
    <controlfield tag="008">991120c19439999gw z||m|r ||| 0||||0ger c</controlfield>
    <datafield ind1=" " ind2=" " tag="015">
      <subfield code="a">07,A44,1959</subfield>
      <subfield code="2">dnb</subfield>
    </datafield>
    <datafield ind1="7" ind2=" " tag="016">
      <subfield code="2">DE-101</subfield>
      <subfield code="a">015245144</subfield>
    </datafield>
    <datafield ind1="7" ind2=" " tag="016">
      <subfield code="2">DE-600</subfield>
      <subfield code="a">985884-2</subfield>
    </datafield>
    <datafield ind1=" " ind2=" " tag="035">
      <subfield code="a">(DE-599)ZDB985884-2</subfield>
    </datafield>
    <datafield ind1=" " ind2=" " tag="035">
      <subfield code="a">(OCoLC)713661153</subfield>
    </datafield>
    <datafield ind1=" " ind2=" " tag="040">
      <subfield code="a">9001</subfield>
      <subfield code="b">ger</subfield>
      <subfield code="c">DE-101</subfield>
      <subfield code="d">0355</subfield>
    </datafield>
    <datafield ind1=" " ind2=" " tag="041">
      <subfield code="a">ger</subfield>
    </datafield>
    <datafield ind1=" " ind2=" " tag="044">
      <subfield code="c">XA-DE</subfield>
    </datafield>
    <datafield ind1=" " ind2=" " tag="084">
      <subfield code="a">940</subfield>
      <subfield code="q">DE-101</subfield>
      <subfield code="2">sdnb</subfield>
    </datafield>
    <datafield ind1=" " ind2=" " tag="084">
      <subfield code="a">6,23</subfield>
      <subfield code="2">ssgn</subfield>
    </datafield>
    <datafield ind1=" " ind2=" " tag="084">
      <subfield code="a">910</subfield>
      <subfield code="a">940</subfield>
      <subfield code="q">DE-600</subfield>
      <subfield code="2">sdnb</subfield>
    </datafield>
    <datafield ind1="1" ind2="0" tag="245">
      <subfield code="a">Su dosteuropa ische Arbeiten</subfield>
      <subfield code="c">fu r das Su dost-Institut hrsg.</subfield>
    </datafield>
    <datafield ind1="1" ind2="3" tag="246">
      <subfield code="i">Nebent.</subfield>
      <subfield code="a">SOA</subfield>
    </datafield>
    <datafield ind1="3" ind2=" " tag="260">
      <subfield code="a">Mu nchen</subfield>
      <subfield code="b">Oldenbourg</subfield>
    </datafield>
    <datafield ind1=" " ind2=" " tag="260">
      <subfield code="a">Bru nn</subfield>
      <subfield code="a">Mu nchen</subfield>
      <subfield code="a">Wien</subfield>
      <subfield code="b">Rohrer</subfield>
      <subfield code="c">anfangs</subfield>
    </datafield>
    <datafield ind1=" " ind2=" " tag="260">
      <subfield code="a">Mu nchen</subfield>
      <subfield code="b">Callwey</subfield>
      <subfield code="c">fru her</subfield>
    </datafield>
    <datafield ind1="0" ind2=" " tag="362">
      <subfield code="a">Nr. 33.1943 -</subfield>
    </datafield>
    <datafield ind1="0" ind2="1" tag="363">
      <subfield code="8">1.1\x</subfield>
      <subfield code="a">33</subfield>
      <subfield code="i">1943</subfield>
    </datafield>
    <datafield ind1=" " ind2=" " tag="515">
      <subfield code="a">Springende Ersch.-Jahre; unregelma ©ig</subfield>
    </datafield>
    <datafield ind1="2" ind2=" " tag="710">
      <subfield code="0">(DE-588)16343327-6</subfield>
      <subfield code="0">(DE-101)1020704055</subfield>
      <subfield code="a">Institut fu r Ost- und Su dosteuropaforschung</subfield>
      <subfield code="g">Regensburg</subfield>
    </datafield>
    <datafield ind1="0" ind2="0" tag="780">
      <subfield code="i">Vorg.:</subfield>
      <subfield code="a">Deutsches Auslandswissenschaftliches Institut &lt;Berlin&gt;</subfield>
      <subfield code="t">Su dosteuropa ische Arbeiten des Deutschen Auslandswissenschaftlichen Instituts Berlin, des Su dost-Instituts Mu nchen und der Su dostgemeinschaft Wiener Hochschulen</subfield>
      <subfield code="w">(DE-600)143848-7</subfield>
      <subfield code="w">(DE-101)010846611</subfield>
    </datafield>
    <datafield ind1=" " ind2=" " tag="889">
      <subfield code="w">(DE-101)550056041</subfield>
    </datafield>
    <datafield ind1="r" ind2=" " tag="925">
      <subfield code="a">ra</subfield>
    </datafield>
  </record>