<record xmlns="http://www.loc.gov/MARC21/slim" xmlns:xsi="http://www.w3.org/2001/XMLSchema-instance" xsi:schemaLocation="http://www.loc.gov/MARC21/slim http://www.loc.gov/standards/marcxml/schema/MARC21slim.xsd">
    <leader>02521nas a2200589 c 4500</leader>
    <controlfield tag="001">016220110</controlfield>
    <controlfield tag="003">DE-101</controlfield>
    <controlfield tag="005">20110519102826.0</controlfield>
    <controlfield tag="007">tu</controlfield>
    <controlfield tag="008">991121c19869999gw z||m|r ||| 0||||0ger c</controlfield>
    <datafield ind1=" " ind2=" " tag="015">
      <subfield code="a">07,A25,0448</subfield>
      <subfield code="2">dnb</subfield>
    </datafield>
    <datafield ind1="7" ind2=" " tag="016">
      <subfield code="2">DE-101</subfield>
      <subfield code="a">016220110</subfield>
    </datafield>
    <datafield ind1="7" ind2=" " tag="016">
      <subfield code="2">DE-600</subfield>
      <subfield code="a">1091464-x</subfield>
    </datafield>
    <datafield ind1=" " ind2=" " tag="022">
      <subfield code="a">0930-4746</subfield>
    </datafield>
    <datafield ind1=" " ind2=" " tag="035">
      <subfield code="a">(DE-599)ZDB1091464-x</subfield>
    </datafield>
    <datafield ind1=" " ind2=" " tag="035">
      <subfield code="a">(OCoLC)611097092</subfield>
    </datafield>
    <datafield ind1=" " ind2=" " tag="040">
      <subfield code="a">9001</subfield>
      <subfield code="b">ger</subfield>
      <subfield code="c">DE-101</subfield>
      <subfield code="d">9999</subfield>
    </datafield>
    <datafield ind1=" " ind2=" " tag="041">
      <subfield code="a">ger</subfield>
    </datafield>
    <datafield ind1=" " ind2=" " tag="044">
      <subfield code="c">XA-DE</subfield>
      <subfield code="c">XA-CH</subfield>
      <subfield code="c">XA-AT</subfield>
      <subfield code="c">XA-BE</subfield>
    </datafield>
    <datafield ind1=" " ind2=" " tag="084">
      <subfield code="a">340</subfield>
      <subfield code="q">DE-101</subfield>
      <subfield code="2">sdnb</subfield>
    </datafield>
    <datafield ind1=" " ind2=" " tag="084">
      <subfield code="a">2</subfield>
      <subfield code="2">ssgn</subfield>
    </datafield>
    <datafield ind1=" " ind2=" " tag="084">
      <subfield code="a">340</subfield>
      <subfield code="q">DE-600</subfield>
      <subfield code="2">sdnb</subfield>
    </datafield>
    <datafield ind1="1" ind2="0" tag="245">
      <subfield code="a">Studien zum vergleichenden und internationalen Recht</subfield>
      <subfield code="b">= Comparative and international law studies</subfield>
    </datafield>
    <datafield ind1="3" ind2=" " tag="260">
      <subfield code="a">Frankfurt, M.</subfield>
      <subfield code="a">Berlin</subfield>
      <subfield code="a">Bern</subfield>
      <subfield code="a">Bruxelles</subfield>
      <subfield code="a">New York, NY</subfield>
      <subfield code="a">Oxford</subfield>
      <subfield code="a">Wien</subfield>
      <subfield code="b">Lang</subfield>
    </datafield>
    <datafield ind1=" " ind2=" " tag="300">
      <subfield code="c">21 cm</subfield>
    </datafield>
    <datafield ind1="0" ind2=" " tag="362">
      <subfield code="a">1.1986 -</subfield>
    </datafield>
    <datafield ind1="0" ind2="1" tag="363">
      <subfield code="8">1.1\x</subfield>
      <subfield code="a">1</subfield>
      <subfield code="i">1986</subfield>
    </datafield>
    <datafield ind1=" " ind2=" " tag="515">
      <subfield code="a">Ersch. unregelma ©ig</subfield>
    </datafield>
    <datafield ind1=" " ind2="7" tag="610">
      <subfield code="0">(DE-588)4131753-1</subfield>
      <subfield code="0">(DE-101)961744057</subfield>
      <subfield code="a">Europa ische Union</subfield>
      <subfield code="t">Verordnung u ber Insolvenzverfahren</subfield>
      <subfield code="2">gnd</subfield>
    </datafield>
    <datafield ind1=" " ind2="7" tag="650">
      <subfield code="0">(DE-588)4214276-3</subfield>
      <subfield code="0">(DE-101)042142768</subfield>
      <subfield code="a">Insolvenzverfahren</subfield>
      <subfield code="2">gnd</subfield>
    </datafield>
    <datafield ind1=" " ind2="7" tag="650">
      <subfield code="0">(DE-588)4204817-5</subfield>
      <subfield code="0">(DE-101)042048176</subfield>
      <subfield code="a">Drittland</subfield>
      <subfield code="2">gnd</subfield>
    </datafield>
    <datafield ind1=" " ind2="7" tag="650">
      <subfield code="0">(DE-588)4136732-7</subfield>
      <subfield code="0">(DE-101)041367324</subfield>
      <subfield code="a">Internationales Insolvenzrecht</subfield>
      <subfield code="2">gnd</subfield>
    </datafield>
    <datafield ind1=" " ind2="7" tag="650">
      <subfield code="0">(DE-588)4115712-6</subfield>
      <subfield code="0">(DE-101)041157125</subfield>
      <subfield code="a">Rechtsvergleich</subfield>
      <subfield code="2">gnd</subfield>
    </datafield>
    <datafield ind1=" " ind2="7" tag="651">
      <subfield code="0">(DE-588)4011882-4</subfield>
      <subfield code="0">(DE-101)040118827</subfield>
      <subfield code="a">Deutschland</subfield>
      <subfield code="2">gnd</subfield>
    </datafield>
    <datafield ind1=" " ind2="7" tag="651">
      <subfield code="0">(DE-588)4011882-4</subfield>
      <subfield code="0">(DE-101)040118827</subfield>
      <subfield code="a">Deutschland</subfield>
      <subfield code="2">gnd</subfield>
    </datafield>
    <datafield ind1=" " ind2="7" tag="651">
      <subfield code="0">(DE-588)4014770-8</subfield>
      <subfield code="0">(DE-101)040147703</subfield>
      <subfield code="a">England</subfield>
      <subfield code="2">gnd</subfield>
    </datafield>
    <datafield ind1=" " ind2="7" tag="651">
      <subfield code="0">(DE-588)4027833-5</subfield>
      <subfield code="0">(DE-101)040278336</subfield>
      <subfield code="a">Italien</subfield>
      <subfield code="2">gnd</subfield>
    </datafield>
    <datafield ind1=" " ind2="7" tag="651">
      <subfield code="0">(DE-588)4018145-5</subfield>
      <subfield code="0">(DE-101)040181456</subfield>
      <subfield code="a">Frankreich</subfield>
      <subfield code="2">gnd</subfield>
    </datafield>
    <datafield ind1="0" ind2="0" tag="689">
      <subfield code="0">(DE-588)4011882-4</subfield>
      <subfield code="0">(DE-101)040118827</subfield>
      <subfield code="D">g</subfield>
      <subfield code="a">Deutschland</subfield>
    </datafield>
    <datafield ind1="0" ind2="1" tag="689">
      <subfield code="0">(DE-588)4214276-3</subfield>
      <subfield code="0">(DE-101)042142768</subfield>
      <subfield code="D">s</subfield>
      <subfield code="a">Insolvenzverfahren</subfield>
    </datafield>
    <datafield ind1="0" ind2="2" tag="689">
      <subfield code="0">(DE-588)4204817-5</subfield>
      <subfield code="0">(DE-101)042048176</subfield>
      <subfield code="D">s</subfield>
      <subfield code="a">Drittland</subfield>
    </datafield>
    <datafield ind1="0" ind2="3" tag="689">
      <subfield code="0">(DE-588)4131753-1</subfield>
      <subfield code="0">(DE-101)961744057</subfield>
      <subfield code="D">g</subfield>
      <subfield code="a">Europa ische Union</subfield>
      <subfield code="t">Verordnung u ber Insolvenzverfahren</subfield>
    </datafield>
    <datafield ind1="0" ind2=" " tag="689">
      <subfield code="5">DE-600</subfield>
      <subfield code="5">DE-600</subfield>
    </datafield>
    <datafield ind1="1" ind2="0" tag="689">
      <subfield code="0">(DE-588)4011882-4</subfield>
      <subfield code="0">(DE-101)040118827</subfield>
      <subfield code="D">g</subfield>
      <subfield code="a">Deutschland</subfield>
    </datafield>
    <datafield ind1="1" ind2="1" tag="689">
      <subfield code="0">(DE-588)4136732-7</subfield>
      <subfield code="0">(DE-101)041367324</subfield>
      <subfield code="D">s</subfield>
      <subfield code="a">Internationales Insolvenzrecht</subfield>
    </datafield>
    <datafield ind1="1" ind2="2" tag="689">
      <subfield code="0">(DE-588)4115712-6</subfield>
      <subfield code="0">(DE-101)041157125</subfield>
      <subfield code="D">s</subfield>
      <subfield code="a">Rechtsvergleich</subfield>
    </datafield>
    <datafield ind1="1" ind2="3" tag="689">
      <subfield code="0">(DE-588)4014770-8</subfield>
      <subfield code="0">(DE-101)040147703</subfield>
      <subfield code="D">g</subfield>
      <subfield code="a">England</subfield>
    </datafield>
    <datafield ind1="1" ind2="4" tag="689">
      <subfield code="0">(DE-588)4027833-5</subfield>
      <subfield code="0">(DE-101)040278336</subfield>
      <subfield code="D">g</subfield>
      <subfield code="a">Italien</subfield>
    </datafield>
    <datafield ind1="1" ind2="5" tag="689">
      <subfield code="0">(DE-588)4018145-5</subfield>
      <subfield code="0">(DE-101)040181456</subfield>
      <subfield code="D">g</subfield>
      <subfield code="a">Frankreich</subfield>
    </datafield>
    <datafield ind1="1" ind2=" " tag="689">
      <subfield code="5">DE-600</subfield>
      <subfield code="5">DE-600</subfield>
    </datafield>
    <datafield ind1=" " ind2=" " tag="889">
      <subfield code="w">(DE-101)551172509</subfield>
    </datafield>
    <datafield ind1="r" ind2=" " tag="925">
      <subfield code="a">ra</subfield>
    </datafield>
  </record>