<record xmlns="http://www.loc.gov/MARC21/slim" xmlns:xsi="http://www.w3.org/2001/XMLSchema-instance" xsi:schemaLocation="http://www.loc.gov/MARC21/slim http://www.loc.gov/standards/marcxml/schema/MARC21slim.xsd">
    <leader>02007pam a2200457 c 4500</leader>
    <controlfield tag="001">986210218</controlfield>
    <controlfield tag="003">DE-101</controlfield>
    <controlfield tag="005">20120815223546.0</controlfield>
    <controlfield tag="007">tu</controlfield>
    <controlfield tag="008">071030s2012    gw |||||rm||| 00||||ger  </controlfield>
    <datafield ind1=" " ind2=" " tag="015">
      <subfield code="a">12,A34</subfield>
      <subfield code="a">12,H09</subfield>
      <subfield code="z">07,N47,0169</subfield>
      <subfield code="2">dnb</subfield>
    </datafield>
    <datafield ind1="7" ind2=" " tag="016">
      <subfield code="2">DE-101</subfield>
      <subfield code="a">986210218</subfield>
    </datafield>
    <datafield ind1=" " ind2=" " tag="020">
      <subfield code="a">9783110193077</subfield>
      <subfield code="c">Pp. : EUR 98.00</subfield>
      <subfield code="9">978-3-11-019307-7</subfield>
    </datafield>
    <datafield ind1=" " ind2=" " tag="020">
      <subfield code="a">3110193078</subfield>
      <subfield code="9">3-11-019307-8</subfield>
    </datafield>
    <datafield ind1=" " ind2=" " tag="020">
      <subfield code="a">9783111731087 (Printausg. und eBook)</subfield>
      <subfield code="c"> : EUR 149.95 (DE)</subfield>
      <subfield code="9">978-3-11-173108-7</subfield>
    </datafield>
    <datafield ind1="3" ind2=" " tag="024">
      <subfield code="a">9783110193077</subfield>
    </datafield>
    <datafield ind1=" " ind2=" " tag="035">
      <subfield code="a">(DE-599)DNB986210218</subfield>
    </datafield>
    <datafield ind1=" " ind2=" " tag="040">
      <subfield code="a">1145</subfield>
      <subfield code="b">ger</subfield>
      <subfield code="c">DE-101</subfield>
      <subfield code="d">9999</subfield>
      <subfield code="e">rakwb</subfield>
    </datafield>
    <datafield ind1=" " ind2=" " tag="041">
      <subfield code="a">ger</subfield>
    </datafield>
    <datafield ind1=" " ind2=" " tag="044">
      <subfield code="c">XA-DE-BE</subfield>
    </datafield>
    <datafield ind1="0" ind2="4" tag="082">
      <subfield code="8">1\x</subfield>
      <subfield code="a">185</subfield>
      <subfield code="q">DE-101</subfield>
      <subfield code="2">22/ger</subfield>
    </datafield>
    <datafield ind1=" " ind2=" " tag="084">
      <subfield code="a">100</subfield>
      <subfield code="q">DE-101</subfield>
      <subfield code="2">sdnb</subfield>
    </datafield>
    <datafield ind1=" " ind2=" " tag="085">
      <subfield code="8">1\x</subfield>
      <subfield code="b">185</subfield>
    </datafield>
    <datafield ind1=" " ind2=" " tag="090">
      <subfield code="a">b</subfield>
    </datafield>
    <datafield ind1="1" ind2=" " tag="100">
      <subfield code="0">(DE-588)118063642</subfield>
      <subfield code="0">(DE-101)118063642</subfield>
      <subfield code="a">Szaif, Jan</subfield>
      <subfield code="d">1960-</subfield>
      <subfield code="4">aut</subfield>
    </datafield>
    <datafield ind1="1" ind2="0" tag="245">
      <subfield code="a">Gut des Menschen</subfield>
      <subfield code="b">Untersuchungen zur Problematik und Entwicklung der Glu cksethik bei Aristoteles und in der Tradition des Peripatos</subfield>
      <subfield code="c">von Jan Szaif</subfield>
    </datafield>
    <datafield ind1="3" ind2=" " tag="260">
      <subfield code="a">Berlin</subfield>
      <subfield code="a">Boston, Mass.</subfield>
      <subfield code="b">℗De℗ Gruyter</subfield>
      <subfield code="c">2012</subfield>
    </datafield>
    <datafield ind1=" " ind2=" " tag="300">
      <subfield code="a">XI, 322 S.</subfield>
      <subfield code="c">24 cm</subfield>
    </datafield>
    <datafield ind1="1" ind2=" " tag="490">
      <subfield code="a">Quellen und Studien zur Philosophie</subfield>
      <subfield code="v">Bd. 83</subfield>
    </datafield>
    <datafield ind1=" " ind2=" " tag="502">
      <subfield code="a">Zugl. u berarb. Fassung von: Bonn, Univ., Habil.-Schr., 2001</subfield>
    </datafield>
    <datafield ind1="0" ind2="7" tag="600">
      <subfield code="0">(DE-588)118650130</subfield>
      <subfield code="0">(DE-101)118650130</subfield>
      <subfield code="a">Aristoteles</subfield>
      <subfield code="d">v384-v322</subfield>
      <subfield code="2">gnd</subfield>
    </datafield>
    <datafield ind1=" " ind2="7" tag="650">
      <subfield code="0">(DE-588)4115529-4</subfield>
      <subfield code="0">(DE-101)041155297</subfield>
      <subfield code="a">Peripatos</subfield>
      <subfield code="2">gnd</subfield>
    </datafield>
    <datafield ind1=" " ind2="7" tag="650">
      <subfield code="0">(DE-588)4494281-3</subfield>
      <subfield code="0">(DE-101)953232050</subfield>
      <subfield code="a">Gutes Leben</subfield>
      <subfield code="2">gnd</subfield>
    </datafield>
    <datafield ind1="0" ind2="0" tag="689">
      <subfield code="0">(DE-588)118650130</subfield>
      <subfield code="0">(DE-101)118650130</subfield>
      <subfield code="D">p</subfield>
      <subfield code="a">Aristoteles</subfield>
      <subfield code="d">v384-v322</subfield>
    </datafield>
    <datafield ind1="0" ind2="1" tag="689">
      <subfield code="0">(DE-588)4115529-4</subfield>
      <subfield code="0">(DE-101)041155297</subfield>
      <subfield code="D">s</subfield>
      <subfield code="a">Peripatos</subfield>
    </datafield>
    <datafield ind1="0" ind2="2" tag="689">
      <subfield code="0">(DE-588)4494281-3</subfield>
      <subfield code="0">(DE-101)953232050</subfield>
      <subfield code="D">s</subfield>
      <subfield code="a">Gutes Leben</subfield>
    </datafield>
    <datafield ind1="0" ind2=" " tag="689">
      <subfield code="5">DE-101</subfield>
      <subfield code="5">DE-101</subfield>
    </datafield>
    <datafield ind1=" " ind2="0" tag="830">
      <subfield code="a">Quellen und Studien zur Philosophie</subfield>
      <subfield code="v">Bd. 83</subfield>
      <subfield code="w">(DE-101)010690158</subfield>
      <subfield code="w">(DE-600)121992-3</subfield>
      <subfield code="9">283</subfield>
    </datafield>
    <datafield ind1="4" ind2="2" tag="856">
      <subfield code="m">B:DE-101</subfield>
      <subfield code="q">application/pdf</subfield>
      <subfield code="u">http://d-nb.info/986210218/04</subfield>
      <subfield code="3">Inhaltsverzeichnis</subfield>
    </datafield>
    <datafield ind1="4" ind2="2" tag="856">
      <subfield code="m">X:MVB</subfield>
      <subfield code="q">text/html</subfield>
      <subfield code="u">http://deposit.d-nb.de/cgi-bin/dokserv?id=3019245&amp;prov=M&amp;dok_var=1&amp;dok_ext=htm</subfield>
      <subfield code="3">Inhaltstext</subfield>
    </datafield>
    <datafield ind1="r" ind2=" " tag="925">
      <subfield code="a">ra</subfield>
    </datafield>
  </record>