<record xmlns="http://www.loc.gov/MARC21/slim" xmlns:xsi="http://www.w3.org/2001/XMLSchema-instance" xsi:schemaLocation="http://www.loc.gov/MARC21/slim http://www.loc.gov/standards/marcxml/schema/MARC21slim.xsd">
    <leader>00998nas a2200337 c 4500</leader>
    <controlfield tag="001">989467031</controlfield>
    <controlfield tag="003">DE-101</controlfield>
    <controlfield tag="005">20090224073532.0</controlfield>
    <controlfield tag="007">tu</controlfield>
    <controlfield tag="008">080703c20089999gw z||m|r ||| 0||||0eng c</controlfield>
    <datafield ind1=" " ind2=" " tag="015">
      <subfield code="a">08,A41,1489</subfield>
      <subfield code="2">dnb</subfield>
    </datafield>
    <datafield ind1="7" ind2=" " tag="016">
      <subfield code="2">DE-101</subfield>
      <subfield code="a">989467031</subfield>
    </datafield>
    <datafield ind1="7" ind2=" " tag="016">
      <subfield code="2">DE-600</subfield>
      <subfield code="a">2435685-2</subfield>
    </datafield>
    <datafield ind1=" " ind2=" " tag="022">
      <subfield code="a">1866-5950</subfield>
    </datafield>
    <datafield ind1="a" ind2="a" tag="029">
      <subfield code="a">1866-5950 = Schriftenreihe internationale Personal- und Strategieforschung</subfield>
    </datafield>
    <datafield ind1=" " ind2=" " tag="035">
      <subfield code="a">(DE-599)ZDB2435685-2</subfield>
    </datafield>
    <datafield ind1=" " ind2=" " tag="035">
      <subfield code="a">(OCoLC)315934274</subfield>
    </datafield>
    <datafield ind1=" " ind2=" " tag="040">
      <subfield code="a">3501</subfield>
      <subfield code="b">ger</subfield>
      <subfield code="c">DE-101</subfield>
      <subfield code="d">1242</subfield>
    </datafield>
    <datafield ind1=" " ind2=" " tag="041">
      <subfield code="a">eng</subfield>
    </datafield>
    <datafield ind1=" " ind2=" " tag="044">
      <subfield code="c">XA-DE</subfield>
    </datafield>
    <datafield ind1=" " ind2=" " tag="084">
      <subfield code="a">650</subfield>
      <subfield code="q">DE-101</subfield>
      <subfield code="2">sdnb</subfield>
    </datafield>
    <datafield ind1=" " ind2=" " tag="084">
      <subfield code="a">650</subfield>
      <subfield code="q">DE-600</subfield>
      <subfield code="2">sdnb</subfield>
    </datafield>
    <datafield ind1=" " ind2="0" tag="222">
      <subfield code="a">Schriftenreihe internationale Personal- und Strategieforschung</subfield>
    </datafield>
    <datafield ind1="1" ind2="0" tag="245">
      <subfield code="a">Schriftenreihe internationale Personal- und Strategieforschung</subfield>
    </datafield>
    <datafield ind1="1" ind2="3" tag="246">
      <subfield code="a">Internationale Personal- und Strategieforschung</subfield>
    </datafield>
    <datafield ind1="3" ind2=" " tag="260">
      <subfield code="a">Mu nchen</subfield>
      <subfield code="a">Mering</subfield>
      <subfield code="b">Hampp</subfield>
    </datafield>
    <datafield ind1=" " ind2=" " tag="300">
      <subfield code="c">21 cm</subfield>
    </datafield>
    <datafield ind1="0" ind2=" " tag="362">
      <subfield code="a">1.2008 -</subfield>
    </datafield>
    <datafield ind1="0" ind2="1" tag="363">
      <subfield code="8">1.1\x</subfield>
      <subfield code="i">2008</subfield>
    </datafield>
    <datafield ind1=" " ind2=" " tag="515">
      <subfield code="a">Ersch. unregelma ©ig</subfield>
    </datafield>
    <datafield ind1="r" ind2=" " tag="925">
      <subfield code="a">ra</subfield>
    </datafield>
  </record>