<record xmlns="http://www.loc.gov/MARC21/slim" xmlns:xsi="http://www.w3.org/2001/XMLSchema-instance" xsi:schemaLocation="http://www.loc.gov/MARC21/slim http://www.loc.gov/standards/marcxml/schema/MARC21slim.xsd">
    <leader>01600nas a2200373 c 4500</leader>
    <controlfield tag="001">994339429</controlfield>
    <controlfield tag="003">DE-101</controlfield>
    <controlfield tag="005">20111213151714.0</controlfield>
    <controlfield tag="007">tu</controlfield>
    <controlfield tag="008">090518c20099999gw z||m|r ||| 0||||0ger c</controlfield>
    <datafield ind1=" " ind2=" " tag="015">
      <subfield code="a">09,A24,0789</subfield>
      <subfield code="2">dnb</subfield>
    </datafield>
    <datafield ind1="7" ind2=" " tag="016">
      <subfield code="2">DE-101</subfield>
      <subfield code="a">994339429</subfield>
    </datafield>
    <datafield ind1="7" ind2=" " tag="016">
      <subfield code="2">DE-600</subfield>
      <subfield code="a">2495880-3</subfield>
    </datafield>
    <datafield ind1=" " ind2=" " tag="022">
      <subfield code="a">1868-1603</subfield>
    </datafield>
    <datafield ind1="a" ind2="a" tag="029">
      <subfield code="a">1868-1603 = Schriften des Instituts fu r Werkstoffe der Elektrotechnik, Karlsruher Institut fu r Technologie</subfield>
    </datafield>
    <datafield ind1=" " ind2=" " tag="035">
      <subfield code="a">(DE-599)ZDB2495880-3</subfield>
    </datafield>
    <datafield ind1=" " ind2=" " tag="035">
      <subfield code="a">(OCoLC)723879709</subfield>
    </datafield>
    <datafield ind1=" " ind2=" " tag="040">
      <subfield code="a">1240</subfield>
      <subfield code="b">ger</subfield>
      <subfield code="c">DE-101</subfield>
      <subfield code="d">1242</subfield>
    </datafield>
    <datafield ind1=" " ind2=" " tag="041">
      <subfield code="a">ger</subfield>
    </datafield>
    <datafield ind1=" " ind2=" " tag="044">
      <subfield code="c">XA-DE</subfield>
    </datafield>
    <datafield ind1=" " ind2=" " tag="084">
      <subfield code="a">620</subfield>
      <subfield code="q">DE-101</subfield>
      <subfield code="2">sdnb</subfield>
    </datafield>
    <datafield ind1=" " ind2=" " tag="084">
      <subfield code="a">660</subfield>
      <subfield code="q">DE-600</subfield>
      <subfield code="2">sdnb</subfield>
    </datafield>
    <datafield ind1="2" ind2=" " tag="110">
      <subfield code="0">(DE-588)5557200-5</subfield>
      <subfield code="0">(DE-101)971522707</subfield>
      <subfield code="a">Institut fu r Werkstoffe der Elektrotechnik</subfield>
      <subfield code="g">Karlsruhe</subfield>
      <subfield code="4">aut</subfield>
    </datafield>
    <datafield ind1=" " ind2="0" tag="222">
      <subfield code="a">Schriften des Instituts fu r Werkstoffe der Elektrotechnik, Karlsruher Institut fu r Technologie</subfield>
    </datafield>
    <datafield ind1="1" ind2="0" tag="245">
      <subfield code="a">Schriften des Instituts fu r Werkstoffe der Elektrotechnik, Karlsruher Institut fu r Technologie</subfield>
    </datafield>
    <datafield ind1="1" ind2="0" tag="247">
      <subfield code="a">Schriften des Instituts fu r Werkstoffe der Elektrotechnik, Universita t Karlsruhe (TH)</subfield>
      <subfield code="f">Hauptsacht. 15.2009 - 16.2009</subfield>
    </datafield>
    <datafield ind1="3" ind2=" " tag="260">
      <subfield code="a">Karlsruhe</subfield>
      <subfield code="b">KIT Scientific Publ.</subfield>
    </datafield>
    <datafield ind1=" " ind2=" " tag="260">
      <subfield code="a">Karlsruhe</subfield>
      <subfield code="b">Univ.-Verl. Karlsruhe</subfield>
      <subfield code="c">2009</subfield>
    </datafield>
    <datafield ind1=" " ind2=" " tag="300">
      <subfield code="c">24 cm</subfield>
    </datafield>
    <datafield ind1="0" ind2=" " tag="362">
      <subfield code="a">Nachgewiesen 14.2009 -</subfield>
    </datafield>
    <datafield ind1="0" ind2="1" tag="363">
      <subfield code="8">1.1\x</subfield>
      <subfield code="a">14</subfield>
      <subfield code="i">2009</subfield>
    </datafield>
    <datafield ind1=" " ind2=" " tag="515">
      <subfield code="a">Ersch. unregelma ©ig</subfield>
    </datafield>
    <datafield ind1="0" ind2="8" tag="775">
      <subfield code="i">Online-Ausg.</subfield>
      <subfield code="a">Institut fu r Werkstoffe der Elektrotechnik &lt;Karlsruhe&gt;</subfield>
      <subfield code="t">Schriften des Instituts fu r Werkstoffe der Elektrotechnik, Karlsruher Institut fu r Technologie</subfield>
      <subfield code="w">(DE-600)2618950-1</subfield>
      <subfield code="w">(DE-101)1013594800</subfield>
    </datafield>
    <datafield ind1="r" ind2=" " tag="925">
      <subfield code="a">ra</subfield>
    </datafield>
  </record>