<record xmlns="http://www.loc.gov/MARC21/slim" xmlns:xsi="http://www.w3.org/2001/XMLSchema-instance" xsi:schemaLocation="http://www.loc.gov/MARC21/slim http://www.loc.gov/standards/marcxml/schema/MARC21slim.xsd">
    <leader>00971nas a2200337 c 4500</leader>
    <controlfield tag="001">99544076X</controlfield>
    <controlfield tag="003">DE-101</controlfield>
    <controlfield tag="005">20100515125329.0</controlfield>
    <controlfield tag="007">tu</controlfield>
    <controlfield tag="008">090720c20099999gw z||m|r ||| 0||||0ger c</controlfield>
    <datafield ind1=" " ind2=" " tag="015">
      <subfield code="a">09,A35,0075</subfield>
      <subfield code="2">dnb</subfield>
    </datafield>
    <datafield ind1="7" ind2=" " tag="016">
      <subfield code="2">DE-101</subfield>
      <subfield code="a">99544076X</subfield>
    </datafield>
    <datafield ind1="7" ind2=" " tag="016">
      <subfield code="2">DE-600</subfield>
      <subfield code="a">2506103-3</subfield>
    </datafield>
    <datafield ind1=" " ind2=" " tag="022">
      <subfield code="a">1864-936X</subfield>
    </datafield>
    <datafield ind1="a" ind2="a" tag="029">
      <subfield code="a">1864-936X = Bochumer Studien zum Stiftungswesen</subfield>
    </datafield>
    <datafield ind1=" " ind2=" " tag="035">
      <subfield code="a">(DE-599)ZDB2506103-3</subfield>
    </datafield>
    <datafield ind1=" " ind2=" " tag="035">
      <subfield code="a">(OCoLC)609961405</subfield>
    </datafield>
    <datafield ind1=" " ind2=" " tag="040">
      <subfield code="a">1240</subfield>
      <subfield code="b">ger</subfield>
      <subfield code="c">DE-101</subfield>
      <subfield code="d">1242</subfield>
    </datafield>
    <datafield ind1=" " ind2=" " tag="041">
      <subfield code="a">ger</subfield>
    </datafield>
    <datafield ind1=" " ind2=" " tag="044">
      <subfield code="c">XA-DE-HE</subfield>
      <subfield code="c">XA-CH</subfield>
      <subfield code="c">XA-AT</subfield>
    </datafield>
    <datafield ind1=" " ind2=" " tag="084">
      <subfield code="a">060</subfield>
      <subfield code="a">360</subfield>
      <subfield code="a">340</subfield>
      <subfield code="q">DE-101</subfield>
      <subfield code="2">sdnb</subfield>
    </datafield>
    <datafield ind1=" " ind2=" " tag="084">
      <subfield code="a">360</subfield>
      <subfield code="q">DE-600</subfield>
      <subfield code="2">sdnb</subfield>
    </datafield>
    <datafield ind1=" " ind2="0" tag="222">
      <subfield code="a">Bochumer Studien zum Stiftungswesen</subfield>
    </datafield>
    <datafield ind1="1" ind2="0" tag="245">
      <subfield code="a">Bochumer Studien zum Stiftungswesen</subfield>
    </datafield>
    <datafield ind1="1" ind2="3" tag="246">
      <subfield code="a">Studien zum Stiftungswesen</subfield>
    </datafield>
    <datafield ind1="3" ind2=" " tag="260">
      <subfield code="a">Frankfurt, M.</subfield>
      <subfield code="a">Berlin</subfield>
      <subfield code="a">Bern</subfield>
      <subfield code="a">Bruxelles</subfield>
      <subfield code="a">New York, NY</subfield>
      <subfield code="a">Oxford</subfield>
      <subfield code="a">Wien</subfield>
      <subfield code="b">Lang</subfield>
    </datafield>
    <datafield ind1=" " ind2=" " tag="300">
      <subfield code="c">22 cm</subfield>
    </datafield>
    <datafield ind1="0" ind2=" " tag="362">
      <subfield code="a">1.2009 -</subfield>
    </datafield>
    <datafield ind1="0" ind2="1" tag="363">
      <subfield code="8">1.1\x</subfield>
      <subfield code="i">2009</subfield>
    </datafield>
    <datafield ind1=" " ind2=" " tag="515">
      <subfield code="a">Ersch. unregelma ©ig</subfield>
    </datafield>
    <datafield ind1="r" ind2=" " tag="925">
      <subfield code="a">ra</subfield>
    </datafield>
  </record>