<record xmlns="http://www.loc.gov/MARC21/slim" xmlns:xsi="http://www.w3.org/2001/XMLSchema-instance" xsi:schemaLocation="http://www.loc.gov/MARC21/slim http://www.loc.gov/standards/marcxml/schema/MARC21slim.xsd">
    <leader>02050pam a2200469 c 4500</leader>
    <controlfield tag="001">999819674</controlfield>
    <controlfield tag="003">DE-101</controlfield>
    <controlfield tag="005">20120828223227.0</controlfield>
    <controlfield tag="007">tu</controlfield>
    <controlfield tag="008">100127s2010    gw |||||rm||| 00||||ger  </controlfield>
    <datafield ind1=" " ind2=" " tag="015">
      <subfield code="a">12,A36</subfield>
      <subfield code="a">12,H09</subfield>
      <subfield code="z">10,N05</subfield>
      <subfield code="2">dnb</subfield>
    </datafield>
    <datafield ind1="7" ind2=" " tag="016">
      <subfield code="2">DE-101</subfield>
      <subfield code="a">999819674</subfield>
    </datafield>
    <datafield ind1=" " ind2=" " tag="020">
      <subfield code="a">9783940755506</subfield>
      <subfield code="c">kart. : EUR 39.90, EUR 37.10 (AT), sfr 61.00 (freier Pr.)</subfield>
      <subfield code="9">978-3-940755-50-6</subfield>
    </datafield>
    <datafield ind1="3" ind2=" " tag="024">
      <subfield code="a">9783940755506</subfield>
    </datafield>
    <datafield ind1=" " ind2=" " tag="035">
      <subfield code="a">(DE-599)DNB999819674</subfield>
    </datafield>
    <datafield ind1=" " ind2=" " tag="040">
      <subfield code="a">1145</subfield>
      <subfield code="b">ger</subfield>
      <subfield code="c">DE-101</subfield>
      <subfield code="d">9999</subfield>
      <subfield code="e">rakwb</subfield>
    </datafield>
    <datafield ind1=" " ind2=" " tag="041">
      <subfield code="a">ger</subfield>
    </datafield>
    <datafield ind1=" " ind2=" " tag="044">
      <subfield code="c">XA-DE-NW</subfield>
    </datafield>
    <datafield ind1="0" ind2="4" tag="082">
      <subfield code="8">1\x</subfield>
      <subfield code="a">306.872</subfield>
      <subfield code="q">DE-101</subfield>
      <subfield code="2">22/ger</subfield>
    </datafield>
    <datafield ind1=" " ind2=" " tag="084">
      <subfield code="a">300</subfield>
      <subfield code="q">DE-101</subfield>
      <subfield code="2">sdnb</subfield>
    </datafield>
    <datafield ind1=" " ind2=" " tag="085">
      <subfield code="8">1\x</subfield>
      <subfield code="b">306.872</subfield>
    </datafield>
    <datafield ind1=" " ind2=" " tag="090">
      <subfield code="a">b</subfield>
    </datafield>
    <datafield ind1="1" ind2=" " tag="100">
      <subfield code="0">(DE-588)13971961X</subfield>
      <subfield code="0">(DE-101)13971961X</subfield>
      <subfield code="a">Dauber, Andrea</subfield>
      <subfield code="4">aut</subfield>
    </datafield>
    <datafield ind1="1" ind2="0" tag="245">
      <subfield code="a">Arbeitsmarkterfordernis berufliche Mobilita t: Geschlechtergleichheit in der Krise?</subfield>
      <subfield code="c">Andrea S. Dauber</subfield>
    </datafield>
    <datafield ind1="3" ind2=" " tag="260">
      <subfield code="a">Opladen</subfield>
      <subfield code="a">Berlin</subfield>
      <subfield code="a">Toronto</subfield>
      <subfield code="b">Budrich UniPress</subfield>
      <subfield code="c">2010</subfield>
    </datafield>
    <datafield ind1=" " ind2=" " tag="300">
      <subfield code="a">375 S.</subfield>
      <subfield code="b">graph. Darst.</subfield>
      <subfield code="c">21 cm</subfield>
    </datafield>
    <datafield ind1=" " ind2=" " tag="502">
      <subfield code="a">Zugl.: Mainz, Univ., Diss., 2010</subfield>
    </datafield>
    <datafield ind1=" " ind2="7" tag="650">
      <subfield code="0">(DE-588)4123076-0</subfield>
      <subfield code="0">(DE-101)041230760</subfield>
      <subfield code="a">Doppelverdienerhaushalt</subfield>
      <subfield code="2">gnd</subfield>
    </datafield>
    <datafield ind1=" " ind2="7" tag="650">
      <subfield code="0">(DE-588)4129317-4</subfield>
      <subfield code="0">(DE-101)041293177</subfield>
      <subfield code="a">Berufliche Mobilita t</subfield>
      <subfield code="2">gnd</subfield>
    </datafield>
    <datafield ind1=" " ind2="7" tag="650">
      <subfield code="0">(DE-588)4023699-7</subfield>
      <subfield code="0">(DE-101)040236994</subfield>
      <subfield code="a">Hausarbeit</subfield>
      <subfield code="2">gnd</subfield>
    </datafield>
    <datafield ind1=" " ind2="7" tag="650">
      <subfield code="0">(DE-588)4002787-9</subfield>
      <subfield code="0">(DE-101)040027872</subfield>
      <subfield code="a">Arbeitsteilung</subfield>
      <subfield code="2">gnd</subfield>
    </datafield>
    <datafield ind1=" " ind2="7" tag="650">
      <subfield code="0">(DE-588)4071776-8</subfield>
      <subfield code="0">(DE-101)040717763</subfield>
      <subfield code="a">Geschlechterrolle</subfield>
      <subfield code="2">gnd</subfield>
    </datafield>
    <datafield ind1=" " ind2="7" tag="650">
      <subfield code="0">(DE-588)4055736-4</subfield>
      <subfield code="0">(DE-101)040557367</subfield>
      <subfield code="a">Soziale Ungleichheit</subfield>
      <subfield code="2">gnd</subfield>
    </datafield>
    <datafield ind1="0" ind2="0" tag="689">
      <subfield code="0">(DE-588)4123076-0</subfield>
      <subfield code="0">(DE-101)041230760</subfield>
      <subfield code="D">s</subfield>
      <subfield code="a">Doppelverdienerhaushalt</subfield>
    </datafield>
    <datafield ind1="0" ind2="1" tag="689">
      <subfield code="0">(DE-588)4129317-4</subfield>
      <subfield code="0">(DE-101)041293177</subfield>
      <subfield code="D">s</subfield>
      <subfield code="a">Berufliche Mobilita t</subfield>
    </datafield>
    <datafield ind1="0" ind2="2" tag="689">
      <subfield code="0">(DE-588)4023699-7</subfield>
      <subfield code="0">(DE-101)040236994</subfield>
      <subfield code="D">s</subfield>
      <subfield code="a">Hausarbeit</subfield>
    </datafield>
    <datafield ind1="0" ind2="3" tag="689">
      <subfield code="0">(DE-588)4002787-9</subfield>
      <subfield code="0">(DE-101)040027872</subfield>
      <subfield code="D">s</subfield>
      <subfield code="a">Arbeitsteilung</subfield>
    </datafield>
    <datafield ind1="0" ind2="4" tag="689">
      <subfield code="0">(DE-588)4071776-8</subfield>
      <subfield code="0">(DE-101)040717763</subfield>
      <subfield code="D">s</subfield>
      <subfield code="a">Geschlechterrolle</subfield>
    </datafield>
    <datafield ind1="0" ind2="5" tag="689">
      <subfield code="0">(DE-588)4055736-4</subfield>
      <subfield code="0">(DE-101)040557367</subfield>
      <subfield code="D">s</subfield>
      <subfield code="a">Soziale Ungleichheit</subfield>
    </datafield>
    <datafield ind1="0" ind2=" " tag="689">
      <subfield code="5">DE-101</subfield>
      <subfield code="5">DE-101</subfield>
    </datafield>
    <datafield ind1="4" ind2="2" tag="856">
      <subfield code="m">B:DE-101</subfield>
      <subfield code="q">application/pdf</subfield>
      <subfield code="u">http://d-nb.info/999819674/04</subfield>
      <subfield code="3">Inhaltsverzeichnis</subfield>
    </datafield>
    <datafield ind1="r" ind2=" " tag="925">
      <subfield code="a">ra</subfield>
    </datafield>
  </record></marcxml:collection>